
<record>
  <leader>02190cam a2200421 i 4500</leader>
  <controlfield tag="001">20942249</controlfield>
  <controlfield tag="005">20200102120937.0</controlfield>
  <controlfield tag="008">190419s2019    nyuab    b    001 0 eng c</controlfield>
  <datafield tag="906" ind1=" " ind2=" ">
    <subfield code="a">7</subfield>
    <subfield code="b">cbc</subfield>
    <subfield code="c">orignew</subfield>
    <subfield code="d">1</subfield>
    <subfield code="e">ecip</subfield>
    <subfield code="f">20</subfield>
    <subfield code="g">y-gencatlg</subfield>
  </datafield>
  <datafield tag="925" ind1="0" ind2=" ">
    <subfield code="a">acquire</subfield>
    <subfield code="b">1 shelf copy</subfield>
    <subfield code="x">policy default</subfield>
  </datafield>
  <datafield tag="955" ind1=" " ind2=" ">
    <subfield code="a">IEN</subfield>
    <subfield code="e">rf07 2019-04-23 (telework) to Dewey</subfield>
    <subfield code="a">xn17 2019-10-23 1 copy rec&apos;d., to CIP ver.</subfield>
    <subfield code="f">rf07 2019-12-04 CIP ver. to CALM</subfield>
    <subfield code="s">rf13 2020-01-02 c. 2 to Discard 00501726345</subfield>
  </datafield>
  <datafield tag="010" ind1=" " ind2=" ">
    <subfield code="a">  2019019141</subfield>
  </datafield>
  <datafield tag="020" ind1=" " ind2=" ">
    <subfield code="a">9781789203264 (hardback : alk. paper)</subfield>
  </datafield>
  <datafield tag="040" ind1=" " ind2=" ">
    <subfield code="a">INU/DLC</subfield>
    <subfield code="b">eng</subfield>
    <subfield code="c">INU</subfield>
    <subfield code="e">rda</subfield>
    <subfield code="d">DLC</subfield>
  </datafield>
  <datafield tag="041" ind1="1" ind2=" ">
    <subfield code="a">eng</subfield>
    <subfield code="h">ger</subfield>
  </datafield>
  <datafield tag="042" ind1=" " ind2=" ">
    <subfield code="a">pcc</subfield>
  </datafield>
  <datafield tag="050" ind1="0" ind2="0">
    <subfield code="a">DT34.5</subfield>
    <subfield code="b">.K7413 2019</subfield>
  </datafield>
  <datafield tag="082" ind1="0" ind2="4">
    <subfield code="a">968.049</subfield>
    <subfield code="2">23</subfield>
  </datafield>
  <datafield tag="100" ind1="1" ind2=" ">
    <subfield code="a">Kreienbaum, Jonas,</subfield>
    <subfield code="d">1982-</subfield>
    <subfield code="e">author.</subfield>
  </datafield>
  <datafield tag="240" ind1="1" ind2="0">
    <subfield code="a">Trauriges Fiasko.</subfield>
    <subfield code="l">English</subfield>
  </datafield>
  <datafield tag="245" ind1="1" ind2="2">
    <subfield code="a">A sad fiasco :</subfield>
    <subfield code="b">colonial concentration camps in southern Africa, 1900-1908 /</subfield>
    <subfield code="c">Jonas Kreienbaum ; translated from the German by Elizabeth Janik.</subfield>
  </datafield>
  <datafield tag="264" ind1=" " ind2="1">
    <subfield code="a">New York :</subfield>
    <subfield code="b">Berghahn Books,</subfield>
    <subfield code="c">2019.</subfield>
  </datafield>
  <datafield tag="300" ind1=" " ind2=" ">
    <subfield code="a">viii, 281 pages :</subfield>
    <subfield code="b">illustrations, map ;</subfield>
    <subfield code="c">24 cm</subfield>
  </datafield>
  <datafield tag="336" ind1=" " ind2=" ">
    <subfield code="a">text</subfield>
    <subfield code="2">rdacontent</subfield>
  </datafield>
  <datafield tag="337" ind1=" " ind2=" ">
    <subfield code="a">unmediated</subfield>
    <subfield code="2">rdamedia</subfield>
  </datafield>
  <datafield tag="338" ind1=" " ind2=" ">
    <subfield code="a">volume</subfield>
    <subfield code="2">rdacarrier</subfield>
  </datafield>
  <datafield tag="490" ind1="1" ind2=" ">
    <subfield code="a">War and genocide ; volume 29</subfield>
  </datafield>
  <datafield tag="500" ind1=" " ind2=" ">
    <subfield code="a">&quot;Originally published in German as &quot;Ein trauriges Fiasko&quot;: Koloniale Konzentrationslager im sudlichen Afrika 1900-1908.&quot;</subfield>
  </datafield>
  <datafield tag="504" ind1=" " ind2=" ">
    <subfield code="a">Includes bibliographical references (pages 249-271) and index.</subfield>
  </datafield>
  <datafield tag="505" ind1="0" ind2=" ">
    <subfield code="a">Introduction -- The context: colonial wars in South Africa and South-West Africa -- The purpose of the camps -- How the camps functioned -- Deadly learning? Observation and knowledge transfer -- Comparative reflections on colonial and national socialist camps -- Final observations: &quot;A sad fiasco&quot;.</subfield>
  </datafield>
  <datafield tag="650" ind1=" " ind2="0">
    <subfield code="a">Concentration camps</subfield>
    <subfield code="z">Africa, Southern</subfield>
    <subfield code="x">History.</subfield>
  </datafield>
  <datafield tag="650" ind1=" " ind2="0">
    <subfield code="a">Concentration camps</subfield>
    <subfield code="x">History</subfield>
    <subfield code="y">20th century.</subfield>
  </datafield>
  <datafield tag="651" ind1=" " ind2="0">
    <subfield code="a">Germany</subfield>
    <subfield code="x">Colonies</subfield>
    <subfield code="z">Africa.</subfield>
  </datafield>
  <datafield tag="651" ind1=" " ind2="0">
    <subfield code="a">Great Britain</subfield>
    <subfield code="x">Colonies</subfield>
    <subfield code="z">Africa.</subfield>
  </datafield>
  <datafield tag="700" ind1="1" ind2=" ">
    <subfield code="a">Janik, Elizabeth,</subfield>
    <subfield code="e">translator.</subfield>
  </datafield>
  <datafield tag="776" ind1="0" ind2="8">
    <subfield code="i">Online version:</subfield>
    <subfield code="a">Kreienbaum, Jonas, 1982- author.</subfield>
    <subfield code="t">Sad fiasco</subfield>
    <subfield code="d">New York : Berghahn Books, 2019</subfield>
    <subfield code="z">9781789203271</subfield>
    <subfield code="w">(DLC) 2019020083</subfield>
  </datafield>
  <datafield tag="830" ind1=" " ind2="0">
    <subfield code="a">War and genocide ;</subfield>
    <subfield code="v">v. 29.</subfield>
  </datafield>
  <datafield tag="985" ind1=" " ind2=" ">
    <subfield code="a">IENCIP</subfield>
    <subfield code="d">2019-04-22</subfield>
  </datafield>
</record>