
<record>
  <leader>03997cam a2200577 i 4500</leader>
  <controlfield tag="001">20946157</controlfield>
  <controlfield tag="005">20200102141433.0</controlfield>
  <controlfield tag="008">190424m20189999bw a     bc   001 0 rus d</controlfield>
  <datafield tag="906" ind1=" " ind2=" ">
    <subfield code="a">7</subfield>
    <subfield code="b">cbc</subfield>
    <subfield code="c">copycat</subfield>
    <subfield code="d">2</subfield>
    <subfield code="e">ncip</subfield>
    <subfield code="f">20</subfield>
    <subfield code="g">y-nonroman</subfield>
  </datafield>
  <datafield tag="925" ind1="0" ind2=" ">
    <subfield code="a">acquire</subfield>
    <subfield code="b">1 shelf copy</subfield>
    <subfield code="x">policy default</subfield>
  </datafield>
  <datafield tag="955" ind1=" " ind2=" ">
    <subfield code="b">fc70 2019-04-24 z-processor JACKPHY</subfield>
    <subfield code="a">fc00 2019-04-24 to GS/ECE</subfield>
    <subfield code="i">fc70 2019-06-26 telework to CALM (hardbound) v. 1</subfield>
    <subfield code="a">fc00 2020-01-02 to GS/ECE v. 2 added to CALM</subfield>
  </datafield>
  <datafield tag="010" ind1=" " ind2=" ">
    <subfield code="a">  2019373003</subfield>
  </datafield>
  <datafield tag="016" ind1="7" ind2=" ">
    <subfield code="a">019288821</subfield>
    <subfield code="2">Uk</subfield>
  </datafield>
  <datafield tag="020" ind1=" " ind2=" ">
    <subfield code="a">9789850823694</subfield>
  </datafield>
  <datafield tag="020" ind1=" " ind2=" ">
    <subfield code="a">9850823690</subfield>
  </datafield>
  <datafield tag="020" ind1=" " ind2=" ">
    <subfield code="a">9789850823700</subfield>
    <subfield code="q">(kn. 1)</subfield>
  </datafield>
  <datafield tag="020" ind1=" " ind2=" ">
    <subfield code="a">9850823704</subfield>
    <subfield code="q">(kn. 1)</subfield>
  </datafield>
  <datafield tag="020" ind1=" " ind2=" ">
    <subfield code="a">9789850824257</subfield>
    <subfield code="q">(kn. 2)</subfield>
  </datafield>
  <datafield tag="035" ind1=" " ind2=" ">
    <subfield code="a">(OCoLC)on1089833595</subfield>
  </datafield>
  <datafield tag="040" ind1=" " ind2=" ">
    <subfield code="a">PIT</subfield>
    <subfield code="b">eng</subfield>
    <subfield code="e">rda</subfield>
    <subfield code="c">PIT</subfield>
    <subfield code="d">UKMGB</subfield>
    <subfield code="d">DLC</subfield>
  </datafield>
  <datafield tag="041" ind1="0" ind2=" ">
    <subfield code="a">rus</subfield>
    <subfield code="a">eng</subfield>
    <subfield code="a">lat</subfield>
  </datafield>
  <datafield tag="042" ind1=" " ind2=" ">
    <subfield code="a">lccopycat</subfield>
  </datafield>
  <datafield tag="043" ind1=" " ind2=" ">
    <subfield code="a">e-bw---</subfield>
  </datafield>
  <datafield tag="050" ind1="0" ind2="0">
    <subfield code="a">Z997.R153</subfield>
    <subfield code="b">S743 2018</subfield>
    <subfield code="a">CS879</subfield>
  </datafield>
  <datafield tag="066" ind1=" " ind2=" ">
    <subfield code="c">(N</subfield>
    <subfield code="c">(Q</subfield>
  </datafield>
  <datafield tag="100" ind1="1" ind2=" ">
    <subfield code="6">880-01</subfield>
    <subfield code="a">Stėfanovich, A. V.,</subfield>
    <subfield code="e">compiler.</subfield>
  </datafield>
  <datafield tag="880" ind1="1" ind2=" ">
    <subfield code="6">100-01/(N</subfield>
    <subfield code="a">Стэфанович, А. В,</subfield>
    <subfield code="e">compiler.</subfield>
  </datafield>
  <datafield tag="245" ind1="1" ind2="0">
    <subfield code="6">880-02</subfield>
    <subfield code="a">Biblioteka Radzivillov Nesvizhskoĭ ordinat︠s︡ii :</subfield>
    <subfield code="b">katalog izdaniĭ iz fonda T︠S︡entralʹnoĭ nauchnoĭ biblioteki imeni I︠A︡kuba Kolasa Nat︠s︡ionalʹnoĭ akademii nauk Belarusi : XIX vek : 1866-1900 : v 3 knigakh = Library of the Radziwills of Nesvizh Ordination : catalogue of publications from the stock of the Yakub Kolas Central Science Library of the National Academy of Sciences of Belarus : XIX century : 1866-1900 : in 3 books /</subfield>
    <subfield code="c">Sostaviteli: A.V. Stefanovich (otv. sost.), M.M. Lis.</subfield>
  </datafield>
  <datafield tag="880" ind1="1" ind2="0">
    <subfield code="6">245-02/(N</subfield>
    <subfield code="a">Библиотека Радзивиллов Несвижской ординации :</subfield>
    <subfield code="b">каталог изданий из фонда Центральной научной библиотеки имени Якуба Коласа Национальной академии наук Беларуси : ХIХ век : 1866-1900 : в 3 книгах /</subfield>
    <subfield code="c">Составители: А.В. Стефанович (отв. сост.), М.М. Лис.</subfield>
  </datafield>
  <datafield tag="246" ind1="1" ind2="5">
    <subfield code="a">Library of the Radziwills of Nesvizh Ordination :</subfield>
    <subfield code="b">catalogue of publications from the stock of the Yakub Kolas Central Science Library of the National Academy of Sciences of Belarus : XIX century : 1866-1900 : in 3 books</subfield>
  </datafield>
  <datafield tag="264" ind1=" " ind2="1">
    <subfield code="6">880-03</subfield>
    <subfield code="a">Minsk :</subfield>
    <subfield code="b">Belaruskai︠a︡ navuka,</subfield>
    <subfield code="c">2018-&lt;2019&gt;</subfield>
  </datafield>
  <datafield tag="880" ind1=" " ind2="1">
    <subfield code="6">264-03/(N</subfield>
    <subfield code="a">Минск :</subfield>
    <subfield code="b">Беларуская навука,</subfield>
    <subfield code="c">2018-&lt;2019&gt;</subfield>
  </datafield>
  <datafield tag="300" ind1=" " ind2=" ">
    <subfield code="a">3 volumes :</subfield>
    <subfield code="b">illustrations ;</subfield>
    <subfield code="c">25 cm</subfield>
  </datafield>
  <datafield tag="336" ind1=" " ind2=" ">
    <subfield code="a">text</subfield>
    <subfield code="b">txt</subfield>
    <subfield code="2">rdacontent</subfield>
  </datafield>
  <datafield tag="337" ind1=" " ind2=" ">
    <subfield code="a">unmediated</subfield>
    <subfield code="b">n</subfield>
    <subfield code="2">rdamedia</subfield>
  </datafield>
  <datafield tag="338" ind1=" " ind2=" ">
    <subfield code="a">volume</subfield>
    <subfield code="b">nc</subfield>
    <subfield code="2">rdacarrier</subfield>
  </datafield>
  <datafield tag="500" ind1=" " ind2=" ">
    <subfield code="6">880-04</subfield>
    <subfield code="a">At head of title: Nat︠s︡ionalʹnai︠a︡ akademii︠a︡ nauk Belarusi. T︠S︡entralʹnai︠a︡ nauchnai︠a︡ biblioteka imeni I︠A︡kuba Kolasa.</subfield>
  </datafield>
  <datafield tag="880" ind1=" " ind2=" ">
    <subfield code="6">500-04/(N</subfield>
    <subfield code="a">At head of title: Национальная академия наук Беларуси. Центральная научная библиотека имени Якуба Коласа.</subfield>
  </datafield>
  <datafield tag="546" ind1=" " ind2=" ">
    <subfield code="a">In Russian, captions also in English.</subfield>
  </datafield>
  <datafield tag="504" ind1=" " ind2=" ">
    <subfield code="a">Includes bibliographical references and indexes.</subfield>
  </datafield>
  <datafield tag="505" ind1="1" ind2=" ">
    <subfield code="6">880-05</subfield>
    <subfield code="a">Kniga 1. A-G -- Kniga 2. H-O</subfield>
  </datafield>
  <datafield tag="880" ind1="1" ind2=" ">
    <subfield code="6">505-05/(N</subfield>
    <subfield code="a">Книга 1. А-Г -- Книга 2. Н-O</subfield>
  </datafield>
  <datafield tag="600" ind1="3" ind2="0">
    <subfield code="a">Radziwill family</subfield>
    <subfield code="x">Library</subfield>
    <subfield code="v">Catalogs.</subfield>
  </datafield>
  <datafield tag="610" ind1="2" ind2="0">
    <subfield code="a">Tsėntralʹnai︠a︡ navukovai︠a︡ biblii︠a︡tėka imi︠a︡ I︠A︡kuba Kolasa</subfield>
    <subfield code="v">Catalogs.</subfield>
  </datafield>
  <datafield tag="650" ind1=" " ind2="0">
    <subfield code="a">Private libraries</subfield>
    <subfield code="z">Belarus</subfield>
    <subfield code="v">Catalogs.</subfield>
  </datafield>
  <datafield tag="651" ind1=" " ind2="0">
    <subfield code="a">Europe</subfield>
    <subfield code="v">Imprints</subfield>
    <subfield code="v">Catalogs.</subfield>
  </datafield>
  <datafield tag="700" ind1="1" ind2=" ">
    <subfield code="6">880-06</subfield>
    <subfield code="a">Lis, M. M.</subfield>
    <subfield code="q">(Marina Markovna),</subfield>
    <subfield code="e">compiler.</subfield>
  </datafield>
  <datafield tag="880" ind1="1" ind2=" ">
    <subfield code="6">700-06/(N</subfield>
    <subfield code="a">Лис, М. М.</subfield>
    <subfield code="q">(Марина Марковна),</subfield>
    <subfield code="e">compiler.</subfield>
  </datafield>
  <datafield tag="710" ind1="2" ind2=" ">
    <subfield code="6">880-07</subfield>
    <subfield code="a">Tsėntralʹnai︠a︡ navukovai︠a︡ biblii︠a︡tėka imi︠a︡ I︠A︡kuba Kolasa,</subfield>
    <subfield code="e">issuing body.</subfield>
  </datafield>
  <datafield tag="880" ind1="2" ind2=" ">
    <subfield code="6">710-07/(N</subfield>
    <subfield code="a">Цэнтральная навуковая бібліятэка імя Якуба Коласа,</subfield>
    <subfield code="e">issuing body,</subfield>
    <subfield code="e">issuing body.</subfield>
  </datafield>
  <datafield tag="923" ind1=" " ind2=" ">
    <subfield code="a">Exchange</subfield>
    <subfield code="s">Tsentralʹnai︠a︡ nauchnai︠a︡ biblioteka NANB</subfield>
    <subfield code="n">list 1-2019</subfield>
  </datafield>
</record>