
<record>
  <leader>03789cem a2200697 i 4500</leader>
  <controlfield tag="001">20980092</controlfield>
  <controlfield tag="005">20200102160319.0</controlfield>
  <controlfield tag="007">ad canzn</controlfield>
  <controlfield tag="008">170303s2014    cc a      e  f  0   chi  </controlfield>
  <datafield tag="906" ind1=" " ind2=" ">
    <subfield code="a">7</subfield>
    <subfield code="b">cbc</subfield>
    <subfield code="c">orignew</subfield>
    <subfield code="d">2</subfield>
    <subfield code="e">ncip</subfield>
    <subfield code="f">20</subfield>
    <subfield code="g">y-geogmaps</subfield>
  </datafield>
  <datafield tag="925" ind1="0" ind2=" ">
    <subfield code="a">acquire</subfield>
    <subfield code="b">1 shelf copy</subfield>
    <subfield code="x">policy default</subfield>
  </datafield>
  <datafield tag="955" ind1=" " ind2=" ">
    <subfield code="a">CNP 2019-05-10 to G&amp;M</subfield>
    <subfield code="i">ga37 2019-08-05 sent to CMT</subfield>
    <subfield code="w">xm08 2019-09-23  (telework)</subfield>
  </datafield>
  <datafield tag="010" ind1=" " ind2=" ">
    <subfield code="a">  2019355193</subfield>
  </datafield>
  <datafield tag="020" ind1=" " ind2=" ">
    <subfield code="a">9787562533825</subfield>
    <subfield code="q">(book)</subfield>
  </datafield>
  <datafield tag="020" ind1=" " ind2=" ">
    <subfield code="a">7562533822</subfield>
    <subfield code="q">(book)</subfield>
  </datafield>
  <datafield tag="034" ind1="1" ind2=" ">
    <subfield code="a">a</subfield>
    <subfield code="b">250000</subfield>
    <subfield code="d">E0853000</subfield>
    <subfield code="e">E0870000</subfield>
    <subfield code="f">N0370000</subfield>
    <subfield code="g">N0360000</subfield>
  </datafield>
  <datafield tag="040" ind1=" " ind2=" ">
    <subfield code="a">DLC</subfield>
    <subfield code="b">eng</subfield>
    <subfield code="e">rda</subfield>
    <subfield code="c">DLC</subfield>
    <subfield code="d">DLC</subfield>
  </datafield>
  <datafield tag="050" ind1="0" ind2="0">
    <subfield code="a">G2308.T5C5</subfield>
    <subfield code="b">H8 2014</subfield>
  </datafield>
  <datafield tag="052" ind1=" " ind2=" ">
    <subfield code="a">7823</subfield>
    <subfield code="b">T5</subfield>
  </datafield>
  <datafield tag="052" ind1=" " ind2=" ">
    <subfield code="a">7822</subfield>
    <subfield code="b">T54</subfield>
  </datafield>
  <datafield tag="066" ind1=" " ind2=" ">
    <subfield code="c">$1</subfield>
  </datafield>
  <datafield tag="082" ind1="0" ind2="0">
    <subfield code="a">555.1/5</subfield>
    <subfield code="2">23</subfield>
  </datafield>
  <datafield tag="110" ind1="1" ind2=" ">
    <subfield code="6">880-01</subfield>
    <subfield code="a">Hunan Sheng (China).</subfield>
    <subfield code="b">Di zhi diao cha ju,</subfield>
    <subfield code="e">cartographer.</subfield>
  </datafield>
  <datafield tag="880" ind1="1" ind2=" ">
    <subfield code="6">110-01/$1</subfield>
    <subfield code="a">湖南省 (China).</subfield>
    <subfield code="b">地质调查院,</subfield>
    <subfield code="e">cartographer.</subfield>
  </datafield>
  <datafield tag="245" ind1="1" ind2="0">
    <subfield code="a">Zhonghua Renmin Gongheguo di zhi tu :</subfield>
    <subfield code="b">J45C004002 (Yinshi Shan fu) /</subfield>
    <subfield code="c">xiang mu fu ze, Jia Baohua, Liu Yaorong, Meng Debao, Bai Daoyuan ; bian xie dan wei, Hunan Sheng di zhi diao cha yuan.</subfield>
  </datafield>
  <datafield tag="880" ind1="1" ind2="0">
    <subfield code="6">245-00/$1</subfield>
    <subfield code="a">中华人民共和国地质图 :</subfield>
    <subfield code="b">J45C004002 (银石山幅) /</subfield>
    <subfield code="c">项目负责, 贾宝华, 刘耀荣, 孟徳保, 柏道远 ; 编写单位, 湖南省地质调查院.</subfield>
  </datafield>
  <datafield tag="246" ind1="1" ind2=" ">
    <subfield code="6">880-02</subfield>
    <subfield code="i">Sheet title:</subfield>
    <subfield code="a">Yinshi Shan fu</subfield>
  </datafield>
  <datafield tag="880" ind1="1" ind2=" ">
    <subfield code="6">246-02/$1</subfield>
    <subfield code="i">Sheet title:</subfield>
    <subfield code="a">银石山幅</subfield>
  </datafield>
  <datafield tag="246" ind1="1" ind2=" ">
    <subfield code="6">880-03</subfield>
    <subfield code="i">Report book title:</subfield>
    <subfield code="a">Zhonghua Renmin Gongheguo qu yu di zhi diao cha bao gao :</subfield>
    <subfield code="b">Yinshixia fu (J45C004002)</subfield>
  </datafield>
  <datafield tag="880" ind1="1" ind2=" ">
    <subfield code="6">246-03/$1</subfield>
    <subfield code="i">Report book title:</subfield>
    <subfield code="a">中华人民共和国区域地质调查报告 :</subfield>
    <subfield code="b">银石山幅 (J45C004002)</subfield>
  </datafield>
  <datafield tag="250" ind1=" " ind2=" ">
    <subfield code="6">880-04</subfield>
    <subfield code="a">Di 1 ban.</subfield>
  </datafield>
  <datafield tag="880" ind1=" " ind2=" ">
    <subfield code="6">250-04/$1</subfield>
    <subfield code="a">第1版.</subfield>
  </datafield>
  <datafield tag="255" ind1=" " ind2=" ">
    <subfield code="a">Scale 1:250,000</subfield>
    <subfield code="c">(E 85°30ʹ--E 87°00ʹ/N 37°00ʹ--N 36°00ʹ).</subfield>
  </datafield>
  <datafield tag="264" ind1=" " ind2="1">
    <subfield code="6">880-05</subfield>
    <subfield code="a">Wuhan Shi :</subfield>
    <subfield code="b">Zhongguo di zhi da xue chu ban she,</subfield>
    <subfield code="c">2014.</subfield>
  </datafield>
  <datafield tag="880" ind1=" " ind2="1">
    <subfield code="6">264-05/$1</subfield>
    <subfield code="a">武汉市 :</subfield>
    <subfield code="b">中国地质大学出版社,</subfield>
    <subfield code="c">2014.</subfield>
  </datafield>
  <datafield tag="300" ind1=" " ind2=" ">
    <subfield code="a">1 atlas :</subfield>
    <subfield code="b">color ;</subfield>
    <subfield code="c">45 x 56 cm, on sheet 70 x 100 cm, folded to 28 x 20 cm, in case 33 x 25 x 4 cm +</subfield>
    <subfield code="e">1 report book (5 unnumbered, 214 pages : illustrations, maps ; 29 cm).</subfield>
  </datafield>
  <datafield tag="336" ind1=" " ind2=" ">
    <subfield code="a">cartographic image</subfield>
    <subfield code="b">cri</subfield>
    <subfield code="2">rdacontent</subfield>
  </datafield>
  <datafield tag="337" ind1=" " ind2=" ">
    <subfield code="a">unmediated</subfield>
    <subfield code="b">n</subfield>
    <subfield code="2">rdamedia</subfield>
  </datafield>
  <datafield tag="338" ind1=" " ind2=" ">
    <subfield code="a">sheet</subfield>
    <subfield code="b">nb</subfield>
    <subfield code="2">rdacarrier</subfield>
  </datafield>
  <datafield tag="490" ind1="0" ind2=" ">
    <subfield code="6">880-06</subfield>
    <subfield code="a">Zhongguo di zhi diao cha ju Qing Zang Gaoyuan 1:25 wan qu yu di zhi diao cha cheng guo xi lie ;</subfield>
    <subfield code="v">J45C004002</subfield>
  </datafield>
  <datafield tag="880" ind1="0" ind2=" ">
    <subfield code="6">490-06/$1</subfield>
    <subfield code="a">中国地质调查局青藏高原1:25万区域地质调查成果系列 ;</subfield>
    <subfield code="v">J45C004002</subfield>
  </datafield>
  <datafield tag="500" ind1=" " ind2=" ">
    <subfield code="a">Relief shown by contours.</subfield>
  </datafield>
  <datafield tag="500" ind1=" " ind2=" ">
    <subfield code="a">Includes location index, 3 cross sections, and geologic time tables.</subfield>
  </datafield>
  <datafield tag="500" ind1=" " ind2=" ">
    <subfield code="a">Chinese text and illustrations on verso.</subfield>
  </datafield>
  <datafield tag="504" ind1=" " ind2=" ">
    <subfield code="a">Accompanying report Includes bibliographical references.</subfield>
  </datafield>
  <datafield tag="650" ind1=" " ind2="0">
    <subfield code="a">Geology</subfield>
    <subfield code="z">China</subfield>
    <subfield code="z">Tibet Autonomous Region</subfield>
    <subfield code="v">Maps.</subfield>
  </datafield>
  <datafield tag="650" ind1=" " ind2="0">
    <subfield code="a">Geology</subfield>
    <subfield code="z">Tibet, Plateau of</subfield>
    <subfield code="v">Maps.</subfield>
  </datafield>
  <datafield tag="655" ind1=" " ind2="7">
    <subfield code="a">Geological maps.</subfield>
    <subfield code="2">lcgft</subfield>
  </datafield>
  <datafield tag="700" ind1="1" ind2=" ">
    <subfield code="6">880-15</subfield>
    <subfield code="a">Jia, Baohua,</subfield>
    <subfield code="e">cartographer.</subfield>
  </datafield>
  <datafield tag="880" ind1="1" ind2=" ">
    <subfield code="6">700-15/$1</subfield>
    <subfield code="a">贾宝华,</subfield>
    <subfield code="e">cartographer.</subfield>
  </datafield>
  <datafield tag="700" ind1="1" ind2=" ">
    <subfield code="6">880-16</subfield>
    <subfield code="a">Liu, Yaorong,</subfield>
    <subfield code="e">cartographer.</subfield>
  </datafield>
  <datafield tag="880" ind1="1" ind2=" ">
    <subfield code="6">700-16/$1</subfield>
    <subfield code="a">刘耀荣,</subfield>
    <subfield code="e">cartographer.</subfield>
  </datafield>
  <datafield tag="700" ind1="1" ind2=" ">
    <subfield code="6">880-17</subfield>
    <subfield code="a">Meng, Debao,</subfield>
    <subfield code="e">cartographer.</subfield>
  </datafield>
  <datafield tag="880" ind1="1" ind2=" ">
    <subfield code="6">700-17/$1</subfield>
    <subfield code="a">孟徳保,</subfield>
    <subfield code="e">cartographer.</subfield>
  </datafield>
  <datafield tag="700" ind1="1" ind2=" ">
    <subfield code="6">880-18</subfield>
    <subfield code="a">Bai, Daoyuan,</subfield>
    <subfield code="e">cartographer.</subfield>
  </datafield>
  <datafield tag="880" ind1="1" ind2=" ">
    <subfield code="6">700-18/$1</subfield>
    <subfield code="a">柏道远,</subfield>
    <subfield code="e">cartographer.</subfield>
  </datafield>
  <datafield tag="710" ind1="2" ind2=" ">
    <subfield code="6">880-19</subfield>
    <subfield code="a">Zhongguo di zhi da xue chu ban she,</subfield>
    <subfield code="e">issuing body.</subfield>
  </datafield>
  <datafield tag="880" ind1="2" ind2=" ">
    <subfield code="6">710-19/$1</subfield>
    <subfield code="a">中国地质大学出版社,</subfield>
    <subfield code="e">issuing body.</subfield>
  </datafield>
  <datafield tag="773" ind1="0" ind2="8">
    <subfield code="i">Contained in (work) :</subfield>
    <subfield code="t">Zhonghua Renmin Gongheguo di zhi tu</subfield>
    <subfield code="d">Wuhan Shi : Zhongguo di zhi da xue chu ban she, 2010-</subfield>
    <subfield code="h">maps : color ; 45 x 57 cm or smaller</subfield>
    <subfield code="w">(DLC) 2019588356</subfield>
  </datafield>
  <datafield tag="952" ind1=" " ind2=" ">
    <subfield code="a">Filed as map under G7822.T54C5 s250 .Z5. Text filed under: G7822.T54C5 s250 .Z5 Shelf</subfield>
  </datafield>
  <datafield tag="985" ind1=" " ind2=" ">
    <subfield code="a">CNP load-new</subfield>
    <subfield code="d">2019-05-20</subfield>
  </datafield>
</record>