
<record>
  <leader>03493cem a2200637 i 4500</leader>
  <controlfield tag="001">20980140</controlfield>
  <controlfield tag="005">20200102141735.0</controlfield>
  <controlfield tag="007">ad canzn</controlfield>
  <controlfield tag="008">190509s2013    cc a      e     0   chi  </controlfield>
  <datafield tag="906" ind1=" " ind2=" ">
    <subfield code="a">7</subfield>
    <subfield code="b">cbc</subfield>
    <subfield code="c">origres</subfield>
    <subfield code="d">2</subfield>
    <subfield code="e">ncip</subfield>
    <subfield code="f">20</subfield>
    <subfield code="g">y-geogmaps</subfield>
  </datafield>
  <datafield tag="925" ind1="0" ind2=" ">
    <subfield code="a">acquire</subfield>
    <subfield code="b">1 shelf copy</subfield>
    <subfield code="x">policy default</subfield>
  </datafield>
  <datafield tag="955" ind1=" " ind2=" ">
    <subfield code="a">CNP 2019-05-08 to G&amp;M</subfield>
    <subfield code="i">ga37 2019-08-05 sent to CMT</subfield>
    <subfield code="w">xm08 2019-09-23  (telework)</subfield>
  </datafield>
  <datafield tag="010" ind1=" " ind2=" ">
    <subfield code="a">  2019355184</subfield>
  </datafield>
  <datafield tag="020" ind1=" " ind2=" ">
    <subfield code="a">9787562528036</subfield>
  </datafield>
  <datafield tag="020" ind1=" " ind2=" ">
    <subfield code="a">7562528039</subfield>
  </datafield>
  <datafield tag="034" ind1="0" ind2=" ">
    <subfield code="a">a</subfield>
  </datafield>
  <datafield tag="035" ind1=" " ind2=" ">
    <subfield code="a">(OCoLC)1100580330</subfield>
  </datafield>
  <datafield tag="040" ind1=" " ind2=" ">
    <subfield code="a">DLC</subfield>
    <subfield code="b">eng</subfield>
    <subfield code="e">rda</subfield>
    <subfield code="c">DLC</subfield>
    <subfield code="d">DLC</subfield>
  </datafield>
  <datafield tag="043" ind1=" " ind2=" ">
    <subfield code="a">a-cc-su</subfield>
  </datafield>
  <datafield tag="050" ind1="0" ind2="0">
    <subfield code="a">G2307.T54C5</subfield>
    <subfield code="b">S53 2013</subfield>
  </datafield>
  <datafield tag="052" ind1=" " ind2=" ">
    <subfield code="a">7822</subfield>
    <subfield code="b">T54</subfield>
  </datafield>
  <datafield tag="066" ind1=" " ind2=" ">
    <subfield code="c">$1</subfield>
  </datafield>
  <datafield tag="082" ind1="0" ind2="0">
    <subfield code="a">555.1/5</subfield>
    <subfield code="2">23</subfield>
  </datafield>
  <datafield tag="110" ind1="1" ind2=" ">
    <subfield code="6">880-01</subfield>
    <subfield code="a">Shanxi Sheng (China).</subfield>
    <subfield code="b">Di zhi diao cha yuan,</subfield>
    <subfield code="e">cartographer.</subfield>
  </datafield>
  <datafield tag="880" ind1="2" ind2=" ">
    <subfield code="6">110-01/$1</subfield>
    <subfield code="a">陕西省地质调查院,</subfield>
    <subfield code="e">cartographer.</subfield>
  </datafield>
  <datafield tag="245" ind1="1" ind2="0">
    <subfield code="6">880-02</subfield>
    <subfield code="a">Zhonghua Renmin Gongheguo qu yu di zhi diao cha bao gao.</subfield>
    <subfield code="p">Tatulugou fu, Sikadu fu /</subfield>
    <subfield code="c">bao gao bian xie Ji Wenhua [and seven others]; bian xie dan wei Shanxi Sheng di zhi diao cha yuan.</subfield>
  </datafield>
  <datafield tag="880" ind1="1" ind2="0">
    <subfield code="6">245-02/$1</subfield>
    <subfield code="a">中华人民共和国区域地质调查报告.</subfield>
    <subfield code="p">塔吐鲁沟幅 斯卡杜幅 /</subfield>
    <subfield code="c">报告编写计文化 [and seven others]; 编写单位陕西省地质调查院.</subfield>
  </datafield>
  <datafield tag="246" ind1="3" ind2="0">
    <subfield code="6">880-03</subfield>
    <subfield code="a">Tatulugou fu, Sikadu fu</subfield>
  </datafield>
  <datafield tag="880" ind1="3" ind2="0">
    <subfield code="6">246-03/$1</subfield>
    <subfield code="a">塔吐鲁沟幅 斯卡杜幅</subfield>
  </datafield>
  <datafield tag="250" ind1=" " ind2=" ">
    <subfield code="6">880-04</subfield>
    <subfield code="a">Di 1 ban.</subfield>
  </datafield>
  <datafield tag="880" ind1=" " ind2=" ">
    <subfield code="6">250-04/$1</subfield>
    <subfield code="a">第 1 版.</subfield>
  </datafield>
  <datafield tag="255" ind1=" " ind2=" ">
    <subfield code="a">Scales differ.</subfield>
  </datafield>
  <datafield tag="264" ind1=" " ind2="1">
    <subfield code="6">880-05</subfield>
    <subfield code="a">Wuhan Shi :</subfield>
    <subfield code="b">Zhongguo di zhi da xue chu ban she,</subfield>
    <subfield code="c">2013.</subfield>
  </datafield>
  <datafield tag="880" ind1=" " ind2="1">
    <subfield code="6">264-05/$1</subfield>
    <subfield code="a">武汉市 :</subfield>
    <subfield code="b">中國地质大学出版社,</subfield>
    <subfield code="c">2013.</subfield>
  </datafield>
  <datafield tag="300" ind1=" " ind2=" ">
    <subfield code="a">1 atlas (iii, 121 pages, 2 unnumbered pages of plates) :</subfield>
    <subfield code="b">illustrations (some color), maps ;</subfield>
    <subfield code="c">30 cm +</subfield>
    <subfield code="e">1 sheet map.</subfield>
  </datafield>
  <datafield tag="336" ind1=" " ind2=" ">
    <subfield code="a">cartographic image</subfield>
    <subfield code="b">cri</subfield>
    <subfield code="2">rdacontent</subfield>
  </datafield>
  <datafield tag="337" ind1=" " ind2=" ">
    <subfield code="a">unmediated</subfield>
    <subfield code="b">n</subfield>
    <subfield code="2">rdamedia</subfield>
  </datafield>
  <datafield tag="338" ind1=" " ind2=" ">
    <subfield code="a">volume</subfield>
    <subfield code="b">nc</subfield>
    <subfield code="2">rdacarrier</subfield>
  </datafield>
  <datafield tag="490" ind1="0" ind2=" ">
    <subfield code="6">880-06</subfield>
    <subfield code="a">Zhongguo di zhi diao cha ju Qing Zang Gaoyuan 1:25 wan qu yu di zhi diao cha cheng guo xi lie</subfield>
  </datafield>
  <datafield tag="880" ind1="0" ind2=" ">
    <subfield code="6">490-06/$1</subfield>
    <subfield code="a">中国地质调查局青藏高原1:25万区域地质调查成果系列</subfield>
  </datafield>
  <datafield tag="500" ind1=" " ind2=" ">
    <subfield code="6">880-07</subfield>
    <subfield code="a">Title of accompanied map: Zhonghua Renmin Gongheguo di zhi tu. Tatulugou fu, Sikadu fu.</subfield>
  </datafield>
  <datafield tag="880" ind1=" " ind2=" ">
    <subfield code="6">500-07/$1</subfield>
    <subfield code="a">Title of accompanied map: 中华人民共和国地质图. 塔吐鲁沟幅 斯卡杜幅.</subfield>
  </datafield>
  <datafield tag="500" ind1=" " ind2=" ">
    <subfield code="a">Scale of accompanied map: 1:250,000; relief of accompanied map shown by contours.</subfield>
  </datafield>
  <datafield tag="500" ind1=" " ind2=" ">
    <subfield code="6">880-08</subfield>
    <subfield code="a">Project title : Xinjiang 1:25 wan Mazha fu, Shenxianwan fu, Tatulugou fu, Sikadu fu qu yu di zhi diao cha; project no.: 200213000005.</subfield>
  </datafield>
  <datafield tag="880" ind1=" " ind2=" ">
    <subfield code="6">500-08/$1</subfield>
    <subfield code="a">Project title : 新疆1:25万麻扎幅、神仙湾幅、塔吐鲁沟幅、斯卡杜幅区域地质调查; project no.: 200213000005.</subfield>
  </datafield>
  <datafield tag="500" ind1=" " ind2=" ">
    <subfield code="a">&quot;J43C004003; I43C001003.&quot;</subfield>
  </datafield>
  <datafield tag="504" ind1=" " ind2=" ">
    <subfield code="a">Includes bibliographical references (pages 119-120).</subfield>
  </datafield>
  <datafield tag="650" ind1=" " ind2="0">
    <subfield code="a">Geology</subfield>
    <subfield code="z">Tibet, Plateau of</subfield>
    <subfield code="v">Maps.</subfield>
  </datafield>
  <datafield tag="655" ind1=" " ind2="7">
    <subfield code="a">Atlases.</subfield>
    <subfield code="2">lcgft</subfield>
  </datafield>
  <datafield tag="700" ind1="1" ind2=" ">
    <subfield code="6">880-09</subfield>
    <subfield code="a">Ji, Wenhua,</subfield>
    <subfield code="e">editor.</subfield>
  </datafield>
  <datafield tag="880" ind1="1" ind2=" ">
    <subfield code="6">700-09/$1</subfield>
    <subfield code="a">计文化,</subfield>
    <subfield code="e">editor.</subfield>
  </datafield>
  <datafield tag="740" ind1="0" ind2="2">
    <subfield code="6">880-10</subfield>
    <subfield code="a">Zhonghua Renmin Gongheguo di zhi tu.</subfield>
    <subfield code="p">Tatulugou fu, Sikadu fu.</subfield>
  </datafield>
  <datafield tag="880" ind1="0" ind2="2">
    <subfield code="6">740-10/$1</subfield>
    <subfield code="a">中华人民共和国地质图.</subfield>
    <subfield code="p">塔吐鲁沟幅 斯卡杜幅.</subfield>
  </datafield>
  <datafield tag="773" ind1="0" ind2="8">
    <subfield code="i">Contained in (work) :</subfield>
    <subfield code="t">Zhonghua Renmin Gongheguo di zhi tu</subfield>
    <subfield code="d">Wuhan Shi : Zhongguo di zhi da xue chu ban she, 2010-</subfield>
    <subfield code="h">maps : color ; 45 x 57 cm or smaller</subfield>
    <subfield code="w">(DLC) 2019588356</subfield>
  </datafield>
  <datafield tag="952" ind1=" " ind2=" ">
    <subfield code="a">Filed as map under G7822.T54C5 s250 .Z5. Text filed under: G7822.T54C5 s250 .Z5 Shelf</subfield>
  </datafield>
  <datafield tag="985" ind1=" " ind2=" ">
    <subfield code="a">CNP load-new</subfield>
    <subfield code="d">2019-05-20</subfield>
  </datafield>
</record>