
<record>
  <leader>02220cam a22003735i 4500</leader>
  <controlfield tag="001">20985645</controlfield>
  <controlfield tag="005">20200102140644.0</controlfield>
  <controlfield tag="008">181130t20192019ne            000 f dut d</controlfield>
  <datafield tag="906" ind1=" " ind2=" ">
    <subfield code="a">0</subfield>
    <subfield code="b">ibc</subfield>
    <subfield code="c">copycat</subfield>
    <subfield code="d">3</subfield>
    <subfield code="e">ncip</subfield>
    <subfield code="f">20</subfield>
    <subfield code="g">y-gencatlg</subfield>
  </datafield>
  <datafield tag="925" ind1="0" ind2=" ">
    <subfield code="a">acquire</subfield>
    <subfield code="b">1 shelf copy</subfield>
    <subfield code="x">policy default</subfield>
  </datafield>
  <datafield tag="955" ind1=" " ind2=" ">
    <subfield code="a">ve13 2019-05-24</subfield>
    <subfield code="b">bd34 2019-05-25</subfield>
    <subfield code="b">bd34 2020-01-02 z-processor</subfield>
    <subfield code="i">bd34 2020-01-02</subfield>
  </datafield>
  <datafield tag="010" ind1=" " ind2=" ">
    <subfield code="a">  2019388585</subfield>
  </datafield>
  <datafield tag="020" ind1=" " ind2=" ">
    <subfield code="a">9789038803593</subfield>
    <subfield code="q">(softcover)</subfield>
  </datafield>
  <datafield tag="020" ind1=" " ind2=" ">
    <subfield code="a">9038803591</subfield>
    <subfield code="q">(softcover)</subfield>
  </datafield>
  <datafield tag="035" ind1=" " ind2=" ">
    <subfield code="a">(OCoLC)on1077566334</subfield>
  </datafield>
  <datafield tag="040" ind1=" " ind2=" ">
    <subfield code="a">ERASA</subfield>
    <subfield code="b">eng</subfield>
    <subfield code="c">ERASA</subfield>
    <subfield code="e">rda</subfield>
    <subfield code="d">L2U</subfield>
    <subfield code="d">IUL</subfield>
    <subfield code="d">OCLCO</subfield>
    <subfield code="d">OCLCF</subfield>
    <subfield code="d">HLS</subfield>
    <subfield code="d">OCL</subfield>
    <subfield code="d">DLC</subfield>
  </datafield>
  <datafield tag="042" ind1=" " ind2=" ">
    <subfield code="a">lccopycat</subfield>
  </datafield>
  <datafield tag="050" ind1="0" ind2="0">
    <subfield code="a">PT5882.12.O47</subfield>
    <subfield code="b">N85 2019</subfield>
  </datafield>
  <datafield tag="082" ind1="0" ind2="4">
    <subfield code="a">839.31</subfield>
  </datafield>
  <datafield tag="100" ind1="1" ind2=" ">
    <subfield code="a">Boer, Basje,</subfield>
    <subfield code="d">1980-</subfield>
    <subfield code="e">author.</subfield>
  </datafield>
  <datafield tag="245" ind1="1" ind2="0">
    <subfield code="a">Nulversie /</subfield>
    <subfield code="c">Basje Boer.</subfield>
  </datafield>
  <datafield tag="264" ind1=" " ind2="1">
    <subfield code="a">Amsterdam :</subfield>
    <subfield code="b">Nijgh &amp; Van Ditmar</subfield>
    <subfield code="c">[2019]</subfield>
  </datafield>
  <datafield tag="264" ind1=" " ind2="4">
    <subfield code="c">©2019</subfield>
  </datafield>
  <datafield tag="300" ind1=" " ind2=" ">
    <subfield code="a">270 pages ;</subfield>
    <subfield code="c">22 cm</subfield>
  </datafield>
  <datafield tag="336" ind1=" " ind2=" ">
    <subfield code="a">text</subfield>
    <subfield code="b">txt</subfield>
    <subfield code="2">rdacontent</subfield>
  </datafield>
  <datafield tag="337" ind1=" " ind2=" ">
    <subfield code="a">unmediated</subfield>
    <subfield code="b">n</subfield>
    <subfield code="2">rdamedia</subfield>
  </datafield>
  <datafield tag="338" ind1=" " ind2=" ">
    <subfield code="a">volume</subfield>
    <subfield code="b">nc</subfield>
    <subfield code="2">rdacarrier</subfield>
  </datafield>
  <datafield tag="520" ind1=" " ind2=" ">
    <subfield code="a">Vijf mensen reizen af naar een hotel in de Achterhoek voor een masterclass scenarioschrijven. In twee weken tijd zal ieder van hen zijn eigen filmscenario schrijven, geïnspireerd op &apos;The Breakfast Club&apos;, de highschoolklassieker over hokjesdenken. Terwijl docent Jacob discussies leidt0over Hollywood-stereotypen en scenarioclichés, casten de cursisten elkaar in geijkte rollen: de macho, de moeder, de jonge hond, de boze feminist en de verwende rijkeluisvrouw. Jo, een onafhankelijke veertiger, kan zich niet vinden in de moederrol die ze krijgt toebedeeld. Maar als ze uit alle macht probeert om uit het ene cliché te breken, zet ze zichzelf klem in een ander archetype: de femme fatale. In &apos;Nulversie&apos; speelt Basje Boer met filmwetten en -clichés. Het resultaat is een eigenzinnige roman - soms ironisch, dan weer beklemmend - over de manier waarop fictie de realiteit dicteert, waarop we elkaar in rollen duwen én ons gretig naar stereotypes vormen.</subfield>
  </datafield>
  <datafield tag="655" ind1=" " ind2="7">
    <subfield code="a">Fiction.</subfield>
    <subfield code="2">fast</subfield>
    <subfield code="0">(OCoLC)fst01423787</subfield>
  </datafield>
  <datafield tag="655" ind1=" " ind2="7">
    <subfield code="a">Novels.</subfield>
    <subfield code="2">fast</subfield>
    <subfield code="0">(OCoLC)fst01921742</subfield>
  </datafield>
  <datafield tag="655" ind1=" " ind2="7">
    <subfield code="a">Novels.</subfield>
    <subfield code="2">lcgft</subfield>
  </datafield>
  <datafield tag="650" ind1=" " ind2="7">
    <subfield code="a">18.11 Dutch literature.</subfield>
    <subfield code="2">nbc</subfield>
    <subfield code="0">(NL-LeOCL)077612027</subfield>
  </datafield>
  <datafield tag="923" ind1=" " ind2=" ">
    <subfield code="d">05-16-19</subfield>
    <subfield code="n">I-20118256</subfield>
    <subfield code="s">proquest</subfield>
  </datafield>
  <datafield tag="985" ind1=" " ind2=" ">
    <subfield code="e">VENDOR LOAD</subfield>
  </datafield>
</record>