
<record>
  <leader>01911cam a22003495i 4500</leader>
  <controlfield tag="001">20985651</controlfield>
  <controlfield tag="005">20200102123616.0</controlfield>
  <controlfield tag="008">181115t20192019ne            000 f dut c</controlfield>
  <datafield tag="906" ind1=" " ind2=" ">
    <subfield code="a">0</subfield>
    <subfield code="b">ibc</subfield>
    <subfield code="c">pccadap</subfield>
    <subfield code="d">4</subfield>
    <subfield code="e">ncip</subfield>
    <subfield code="f">20</subfield>
    <subfield code="g">y-gencatlg</subfield>
  </datafield>
  <datafield tag="925" ind1="0" ind2=" ">
    <subfield code="a">acquire</subfield>
    <subfield code="b">1 shelf copy</subfield>
    <subfield code="x">policy default</subfield>
  </datafield>
  <datafield tag="955" ind1=" " ind2=" ">
    <subfield code="a">ve13 2019-05-24</subfield>
    <subfield code="b">bd34 2019-05-25</subfield>
    <subfield code="b">bd34 2020-01-02 z-processor</subfield>
    <subfield code="i">bd34 2020-01-02</subfield>
  </datafield>
  <datafield tag="010" ind1=" " ind2=" ">
    <subfield code="a">  2019397918</subfield>
  </datafield>
  <datafield tag="020" ind1=" " ind2=" ">
    <subfield code="a">9789029534543</subfield>
    <subfield code="q">(paperback)</subfield>
  </datafield>
  <datafield tag="020" ind1=" " ind2=" ">
    <subfield code="a">9029534540</subfield>
    <subfield code="q">(paperback)</subfield>
  </datafield>
  <datafield tag="035" ind1=" " ind2=" ">
    <subfield code="a">(OCoLC)on1083630467</subfield>
  </datafield>
  <datafield tag="040" ind1=" " ind2=" ">
    <subfield code="a">ERASA</subfield>
    <subfield code="b">eng</subfield>
    <subfield code="c">ERASA</subfield>
    <subfield code="e">rda</subfield>
    <subfield code="d">QGJ</subfield>
    <subfield code="d">QGK</subfield>
    <subfield code="d">L2U</subfield>
    <subfield code="d">PAU</subfield>
    <subfield code="d">DLC</subfield>
  </datafield>
  <datafield tag="042" ind1=" " ind2=" ">
    <subfield code="a">pcc</subfield>
  </datafield>
  <datafield tag="044" ind1=" " ind2=" ">
    <subfield code="a">ne</subfield>
    <subfield code="a">be</subfield>
  </datafield>
  <datafield tag="050" ind1="0" ind2="0">
    <subfield code="a">PT5881.2.O64</subfield>
    <subfield code="b">A28 2019</subfield>
  </datafield>
  <datafield tag="100" ind1="1" ind2=" ">
    <subfield code="a">Jongstra, Atte,</subfield>
    <subfield code="e">author.</subfield>
  </datafield>
  <datafield tag="245" ind1="1" ind2="3">
    <subfield code="a">De aardappelcentrale :</subfield>
    <subfield code="b">roman /</subfield>
    <subfield code="c">Atte Jongstra.</subfield>
  </datafield>
  <datafield tag="246" ind1="1" ind2="4">
    <subfield code="a">Aardappelcentrale :</subfield>
    <subfield code="b">een monumentenman op oorlogspad</subfield>
  </datafield>
  <datafield tag="264" ind1=" " ind2="1">
    <subfield code="a">Amsterdam ;</subfield>
    <subfield code="a">Antwerpen :</subfield>
    <subfield code="b">Uitgeverij De Arbeiderspers,</subfield>
    <subfield code="c">[2019]</subfield>
  </datafield>
  <datafield tag="264" ind1=" " ind2="4">
    <subfield code="c">©2019</subfield>
  </datafield>
  <datafield tag="300" ind1=" " ind2=" ">
    <subfield code="a">263 pages ;</subfield>
    <subfield code="c">22 cm</subfield>
  </datafield>
  <datafield tag="336" ind1=" " ind2=" ">
    <subfield code="a">text</subfield>
    <subfield code="b">txt</subfield>
    <subfield code="2">rdacontent</subfield>
  </datafield>
  <datafield tag="337" ind1=" " ind2=" ">
    <subfield code="a">unmediated</subfield>
    <subfield code="b">n</subfield>
    <subfield code="2">rdamedia</subfield>
  </datafield>
  <datafield tag="338" ind1=" " ind2=" ">
    <subfield code="a">volume</subfield>
    <subfield code="b">nc</subfield>
    <subfield code="2">rdacarrier</subfield>
  </datafield>
  <datafield tag="520" ind1="8" ind2=" ">
    <subfield code="a">1944. Een archivaris (voorheen beeldhouwer) onderzoekt de politieke geschiedenis van standbeelden. Een kalme positie lijkt het. Via zijn club academievrienden (De aardappelcentrale) raakt hij toch in moeilijkheden, als ze bij de toenemende voedselschaarste in het Westen besluiten een standbeeld voor de aardappel op te richten. Als een onbekende er vervolgens een bordje bij plaatst &apos;Weg met Pieper Adolf, wij willen echte aardappelen!&apos; volgt onderzoek door de SD. De aardappelcentrale komt in beeld. De archivaris vlucht en weet het bevrijde Zuiden te bereiken, waar hij door de Amerikanen wordt ingehuurd als tolk. Met de eenheid &apos;monuments men&apos; trekt hij een totaal verwoest Duitsland binnen.</subfield>
  </datafield>
  <datafield tag="650" ind1=" " ind2="7">
    <subfield code="a">18.11 Dutch literature.</subfield>
    <subfield code="2">nbc</subfield>
    <subfield code="0">(NL-LeOCL)077612027</subfield>
  </datafield>
  <datafield tag="923" ind1=" " ind2=" ">
    <subfield code="d">05-16-19</subfield>
    <subfield code="n">I-20118256</subfield>
    <subfield code="s">proquest</subfield>
  </datafield>
  <datafield tag="985" ind1=" " ind2=" ">
    <subfield code="e">VENDOR LOAD</subfield>
  </datafield>
</record>