
<record>
  <leader>02192cam a22003135i 4500</leader>
  <controlfield tag="001">20990909</controlfield>
  <controlfield tag="005">20200102144357.0</controlfield>
  <controlfield tag="008">190529s2019    vaua     e    000 0ceng  </controlfield>
  <datafield tag="906" ind1=" " ind2=" ">
    <subfield code="a">0</subfield>
    <subfield code="b">ibc</subfield>
    <subfield code="c">orignew</subfield>
    <subfield code="d">2</subfield>
    <subfield code="e">epcn</subfield>
    <subfield code="f">20</subfield>
    <subfield code="g">y-gencatlg</subfield>
  </datafield>
  <datafield tag="925" ind1="0" ind2=" ">
    <subfield code="a">acquire</subfield>
    <subfield code="b">2 shelf copies</subfield>
    <subfield code="x">Sel/rjc, 2019-06-28</subfield>
  </datafield>
  <datafield tag="955" ind1=" " ind2=" ">
    <subfield code="b">xd07 2019-05-29</subfield>
    <subfield code="a">xn11 2019-07-27 1 copy rec&apos;d., to USASH</subfield>
    <subfield code="d">rf26 2020-01-02 to SL</subfield>
  </datafield>
  <datafield tag="010" ind1=" " ind2=" ">
    <subfield code="a">  2019905704</subfield>
  </datafield>
  <datafield tag="020" ind1=" " ind2=" ">
    <subfield code="a">9781097833559</subfield>
    <subfield code="q">(paperback)</subfield>
  </datafield>
  <datafield tag="040" ind1=" " ind2=" ">
    <subfield code="a">DLC</subfield>
    <subfield code="b">eng</subfield>
    <subfield code="e">rda</subfield>
    <subfield code="c">DLC</subfield>
  </datafield>
  <datafield tag="042" ind1=" " ind2=" ">
    <subfield code="a">pcc</subfield>
  </datafield>
  <datafield tag="043" ind1=" " ind2=" ">
    <subfield code="a">n-us---</subfield>
  </datafield>
  <datafield tag="050" ind1="0" ind2="0">
    <subfield code="a">VE24+</subfield>
  </datafield>
  <datafield tag="100" ind1="1" ind2=" ">
    <subfield code="a">Harned, Glenn M.,</subfield>
    <subfield code="d">1950-</subfield>
    <subfield code="e">author.</subfield>
  </datafield>
  <datafield tag="245" ind1="1" ind2="0">
    <subfield code="a">Marine Corps Colonels 1892-1928 /</subfield>
    <subfield code="c">Glenn M. Harned.</subfield>
  </datafield>
  <datafield tag="250" ind1=" " ind2=" ">
    <subfield code="a">Second edition, revised and expanded.</subfield>
  </datafield>
  <datafield tag="264" ind1=" " ind2="1">
    <subfield code="a">Woodbridge, Virginia :</subfield>
    <subfield code="b">Glenn M. Harned,</subfield>
    <subfield code="c">2019.</subfield>
  </datafield>
  <datafield tag="300" ind1=" " ind2=" ">
    <subfield code="a">vi, 454 pages :</subfield>
    <subfield code="b">illustrations ;</subfield>
    <subfield code="c">25 cm</subfield>
  </datafield>
  <datafield tag="336" ind1=" " ind2=" ">
    <subfield code="a">text</subfield>
    <subfield code="b">txt</subfield>
    <subfield code="2">rdacontent</subfield>
  </datafield>
  <datafield tag="337" ind1=" " ind2=" ">
    <subfield code="a">unmediated</subfield>
    <subfield code="b">n</subfield>
    <subfield code="2">rdamedia</subfield>
  </datafield>
  <datafield tag="338" ind1=" " ind2=" ">
    <subfield code="a">volume</subfield>
    <subfield code="b">nc</subfield>
    <subfield code="2">rdacarrier</subfield>
  </datafield>
  <datafield tag="490" ind1="0" ind2=" ">
    <subfield code="a">A Marine Corps biographical encyclopedia ;</subfield>
    <subfield code="v">v.2</subfield>
  </datafield>
  <datafield tag="520" ind1=" " ind2=" ">
    <subfield code="a">&quot;This is the story of the 66 Marine colonels who served during the modern Marine Corps&apos; formative period from the War with Spain (1898) to the end of the Small Wars (1934), but who did not become generals. Looking below the surface or &quot;under the hood&quot; of published Marine history, the author found a cornucopia of fascinating, intriguing, even unimaginable stories about Marine colonels that could not be found in any standard Marine history book. He explored why some Marine colonels became generals while others did not. The lessons might prove useful to the new generation of Marine officers. Standard Marine histories provide glimpses of these officers, but this book provides &quot;the rest of the story.&quot; Their stories deserve to be recognized as part of the Marine Corps heritage. The book includes appendices listing the commanders of Marine brigades, regiments, separate battalions, and posts; fleet marine officers; and graduates of the Army and Navy War Colleges and Army Service Schools during the period&quot;--</subfield>
    <subfield code="c">Provided by publisher.</subfield>
  </datafield>
  <datafield tag="610" ind1="2" ind2="0">
    <subfield code="a">United States.</subfield>
    <subfield code="b">Marine Corps</subfield>
    <subfield code="x">Officers</subfield>
    <subfield code="v">Biography</subfield>
    <subfield code="v">Encyclopedias.</subfield>
  </datafield>
  <datafield tag="650" ind1=" " ind2="0">
    <subfield code="a">Marines</subfield>
    <subfield code="z">United States</subfield>
    <subfield code="v">Biography</subfield>
    <subfield code="v">Encyclopedias.</subfield>
  </datafield>
</record>