
<record>
  <leader>02935cam a22003858i 4500</leader>
  <controlfield tag="001">20997347</controlfield>
  <controlfield tag="005">20200102161355.0</controlfield>
  <controlfield tag="008">190603s2019    enk      b    001 0 eng  </controlfield>
  <datafield tag="906" ind1=" " ind2=" ">
    <subfield code="a">0</subfield>
    <subfield code="b">ibc</subfield>
    <subfield code="c">orignew</subfield>
    <subfield code="d">1</subfield>
    <subfield code="e">ecip</subfield>
    <subfield code="f">20</subfield>
    <subfield code="g">y-gencatlg</subfield>
  </datafield>
  <datafield tag="925" ind1="0" ind2=" ">
    <subfield code="a">acquire</subfield>
    <subfield code="b">1 shelf copy</subfield>
    <subfield code="x">policy default</subfield>
  </datafield>
  <datafield tag="955" ind1=" " ind2=" ">
    <subfield code="b">xk16 2019-06-03</subfield>
    <subfield code="i">xk16 2019-06-03</subfield>
    <subfield code="w">xk16 2019-06-03 to Policy</subfield>
    <subfield code="e">td14 2020-01-02 revised call number to reflect class proposal; subject proposal revised; to Dewey</subfield>
  </datafield>
  <datafield tag="010" ind1=" " ind2=" ">
    <subfield code="a">  2019018943</subfield>
  </datafield>
  <datafield tag="020" ind1=" " ind2=" ">
    <subfield code="a">9781138852129</subfield>
    <subfield code="q">(hardback)</subfield>
  </datafield>
  <datafield tag="020" ind1=" " ind2=" ">
    <subfield code="a">9781138852136</subfield>
    <subfield code="q">(paperback)</subfield>
  </datafield>
  <datafield tag="020" ind1=" " ind2=" ">
    <subfield code="z">9781315723730</subfield>
    <subfield code="q">(ebook)</subfield>
  </datafield>
  <datafield tag="040" ind1=" " ind2=" ">
    <subfield code="a">DLC</subfield>
    <subfield code="b">eng</subfield>
    <subfield code="e">rda</subfield>
    <subfield code="c">DLC</subfield>
  </datafield>
  <datafield tag="042" ind1=" " ind2=" ">
    <subfield code="a">pcc</subfield>
  </datafield>
  <datafield tag="043" ind1=" " ind2=" ">
    <subfield code="a">n-us---</subfield>
  </datafield>
  <datafield tag="050" ind1="0" ind2="0">
    <subfield code="a">PN1995.9.R555</subfield>
    <subfield code="b">L96 2019</subfield>
  </datafield>
  <datafield tag="082" ind1="0" ind2="0">
    <subfield code="a">070.1/8</subfield>
    <subfield code="2">23</subfield>
  </datafield>
  <datafield tag="100" ind1="1" ind2=" ">
    <subfield code="a">Lyons, James,</subfield>
    <subfield code="d">1972-</subfield>
    <subfield code="e">author.</subfield>
  </datafield>
  <datafield tag="245" ind1="1" ind2="0">
    <subfield code="a">Documentary, performance and risk /</subfield>
    <subfield code="c">James Lyons.</subfield>
  </datafield>
  <datafield tag="263" ind1=" " ind2=" ">
    <subfield code="a">1910</subfield>
  </datafield>
  <datafield tag="264" ind1=" " ind2="1">
    <subfield code="a">London ;</subfield>
    <subfield code="b">New York :</subfield>
    <subfield code="b">Routledge</subfield>
    <subfield code="c">[2019]</subfield>
  </datafield>
  <datafield tag="300" ind1=" " ind2=" ">
    <subfield code="a">pages cm</subfield>
  </datafield>
  <datafield tag="336" ind1=" " ind2=" ">
    <subfield code="a">text</subfield>
    <subfield code="b">txt</subfield>
    <subfield code="2">rdacontent</subfield>
  </datafield>
  <datafield tag="337" ind1=" " ind2=" ">
    <subfield code="a">unmediated</subfield>
    <subfield code="b">n</subfield>
    <subfield code="2">rdamedia</subfield>
  </datafield>
  <datafield tag="338" ind1=" " ind2=" ">
    <subfield code="a">volume</subfield>
    <subfield code="b">nc</subfield>
    <subfield code="2">rdacarrier</subfield>
  </datafield>
  <datafield tag="504" ind1=" " ind2=" ">
    <subfield code="a">Includes bibliographical references and index.</subfield>
  </datafield>
  <datafield tag="505" ind1="0" ind2=" ">
    <subfield code="a">Theorising documentary, performance, and risk -- &apos;Mr. Earth&apos;: embodying environmental risk in An inconvenient truth -- &apos;The risk of obesity&apos;: Super size me and the performance of biopedagogy -- &apos;Skin in the Game&apos;: financial risk and capitalism: a love story -- &apos;Warning: this film contains nuts&apos;: Jackass and the performance of everyday risk.</subfield>
  </datafield>
  <datafield tag="520" ind1=" " ind2=" ">
    <subfield code="a">&quot;Documentary, Performance and Risk explores how some of the most significant recent American feature documentaries use performance to dramatically animate major categories of risk. The fact that these documentaries do rely on such performance is revealing both in terms of trends in American feature documentary, and in relation to the currency of ideas about risk in contemporary Western societies. The book takes a detailed look at the performance of risk and demonstrates the rewards of close critical attention to formal composition and performance. Covering An Inconvenient Truth, Super Size Me, Capitalism: A Love Story and Jackass: The Movie, it explores how these high-profile films offer up compelling narratives and images of individuals &apos;acting on risk&apos;. The films seek to both confront and control the contours of their environments in ways that reveal much about how a particular set of beliefs about risk and the individual have come to inform our lives. This wide-ranging analysis of feature documentary is ideal for scholars and postgraduate students studying documentary film, film and media studies&quot;--</subfield>
    <subfield code="c">Provided by publisher.</subfield>
  </datafield>
  <datafield tag="650" ind1=" " ind2="0">
    <subfield code="a">Documentary films</subfield>
    <subfield code="z">United States</subfield>
    <subfield code="x">History and criticism.</subfield>
  </datafield>
  <datafield tag="650" ind1=" " ind2="0">
    <subfield code="a">Risk perception in motion pictures.</subfield>
  </datafield>
  <datafield tag="650" ind1=" " ind2="0">
    <subfield code="a">Motion picture acting.</subfield>
  </datafield>
  <datafield tag="776" ind1="0" ind2="8">
    <subfield code="i">Online version:</subfield>
    <subfield code="a">Lyons, James,</subfield>
    <subfield code="t">Documentary, performance and risk</subfield>
    <subfield code="d">New York : Routledge 2019.</subfield>
    <subfield code="z">9781315723730</subfield>
    <subfield code="w">(DLC) 2019980161</subfield>
  </datafield>
</record>