
<record>
  <leader>03506cam a2200493 i 4500</leader>
  <controlfield tag="001">20999065</controlfield>
  <controlfield tag="005">20200102074414.0</controlfield>
  <controlfield tag="008">190525t20192019gw       b    000 0 ger c</controlfield>
  <datafield tag="906" ind1=" " ind2=" ">
    <subfield code="a">7</subfield>
    <subfield code="b">cbc</subfield>
    <subfield code="c">pccadap</subfield>
    <subfield code="d">2</subfield>
    <subfield code="e">ncip</subfield>
    <subfield code="f">20</subfield>
    <subfield code="g">y-gencatlg</subfield>
  </datafield>
  <datafield tag="925" ind1="0" ind2=" ">
    <subfield code="a">acquire</subfield>
    <subfield code="b">1 shelf copy</subfield>
    <subfield code="x">policy default</subfield>
  </datafield>
  <datafield tag="955" ind1=" " ind2=" ">
    <subfield code="b">fd06 2019-10-08 z-processor</subfield>
    <subfield code="i">fd06 2019-10-08 telework to Dewey</subfield>
    <subfield code="w">xm06 2020-01-02</subfield>
  </datafield>
  <datafield tag="010" ind1=" " ind2=" ">
    <subfield code="a">  2019392453</subfield>
  </datafield>
  <datafield tag="016" ind1="7" ind2=" ">
    <subfield code="a">1173824898</subfield>
    <subfield code="2">DE-101</subfield>
  </datafield>
  <datafield tag="020" ind1=" " ind2=" ">
    <subfield code="a">9783658251420</subfield>
    <subfield code="q">(hd. bd.)</subfield>
  </datafield>
  <datafield tag="020" ind1=" " ind2=" ">
    <subfield code="a">3658251425</subfield>
    <subfield code="q">(hd. bd.)</subfield>
  </datafield>
  <datafield tag="020" ind1=" " ind2=" ">
    <subfield code="z">9783658251437</subfield>
    <subfield code="q">(electronic book)</subfield>
  </datafield>
  <datafield tag="035" ind1=" " ind2=" ">
    <subfield code="a">(OCoLC)on1080426018</subfield>
  </datafield>
  <datafield tag="040" ind1=" " ind2=" ">
    <subfield code="a">BECOE</subfield>
    <subfield code="b">eng</subfield>
    <subfield code="c">YDX</subfield>
    <subfield code="e">rda</subfield>
    <subfield code="d">BECOE</subfield>
    <subfield code="d">OHX</subfield>
    <subfield code="d">OSU</subfield>
    <subfield code="d">OCLCF</subfield>
    <subfield code="d">STF</subfield>
    <subfield code="d">DGU</subfield>
    <subfield code="d">CLU</subfield>
    <subfield code="d">DLC</subfield>
  </datafield>
  <datafield tag="042" ind1=" " ind2=" ">
    <subfield code="a">pcc</subfield>
  </datafield>
  <datafield tag="043" ind1=" " ind2=" ">
    <subfield code="a">e-gx---</subfield>
    <subfield code="a">e------</subfield>
  </datafield>
  <datafield tag="050" ind1="0" ind2="0">
    <subfield code="a">JZ1592</subfield>
    <subfield code="b">.F76 2019</subfield>
  </datafield>
  <datafield tag="082" ind1="0" ind2="0">
    <subfield code="a">327.43</subfield>
    <subfield code="2">23</subfield>
  </datafield>
  <datafield tag="100" ind1="1" ind2=" ">
    <subfield code="a">Fröhlich, Stefan,</subfield>
    <subfield code="d">1958-</subfield>
    <subfield code="e">author.</subfield>
  </datafield>
  <datafield tag="245" ind1="1" ind2="4">
    <subfield code="a">Das Ende der Selbstfesselung :</subfield>
    <subfield code="b">deutsche Aussenpolitik in einer Welt ohne Führung /</subfield>
    <subfield code="c">Stefan Fröhlich.</subfield>
  </datafield>
  <datafield tag="264" ind1=" " ind2="1">
    <subfield code="a">Wiesbaden :</subfield>
    <subfield code="b">Springer,</subfield>
    <subfield code="c">[2019]</subfield>
  </datafield>
  <datafield tag="264" ind1=" " ind2="4">
    <subfield code="c">©2019</subfield>
  </datafield>
  <datafield tag="300" ind1=" " ind2=" ">
    <subfield code="a">viii, 172 pages ;</subfield>
    <subfield code="c">21 cm</subfield>
  </datafield>
  <datafield tag="336" ind1=" " ind2=" ">
    <subfield code="a">text</subfield>
    <subfield code="b">txt</subfield>
    <subfield code="2">rdacontent</subfield>
  </datafield>
  <datafield tag="337" ind1=" " ind2=" ">
    <subfield code="a">unmediated</subfield>
    <subfield code="b">n</subfield>
    <subfield code="2">rdamedia</subfield>
  </datafield>
  <datafield tag="338" ind1=" " ind2=" ">
    <subfield code="a">volume</subfield>
    <subfield code="b">nc</subfield>
    <subfield code="2">rdacarrier</subfield>
  </datafield>
  <datafield tag="504" ind1=" " ind2=" ">
    <subfield code="a">Includes bibliographical references (pages 169-172).</subfield>
  </datafield>
  <datafield tag="505" ind1="0" ind2="0">
    <subfield code="t">Die leidige Debatte um Deutschlands Rolle in der Welt : von der Überwindung der Teilung zur neuen deutschen Frage --</subfield>
    <subfield code="t">Keine Angst vor Deutschland : die mühsame Entwicklung deutscher Aussenpolitik --</subfield>
    <subfield code="t">Vom Ende des Westens und verantwortlicher Machtpolitik --</subfield>
    <subfield code="t">Herausforderungen an die deutsche Aussenpolitik in einer radikal veränderten Welt --</subfield>
    <subfield code="t">Die Zukunft der Weltwirtschaft und des Euroraums --</subfield>
    <subfield code="t">Die deutschen Handelsüberschüsse : Gefahr für die Weltwirtschaft? --</subfield>
    <subfield code="t">Eine Agenda für die nachhaltige Verbesserung der deutschen Wettbewerbsfähigkeit --</subfield>
    <subfield code="t">Die Eurokrise : Deutschlands alternativer Weg der Solidarität --</subfield>
    <subfield code="t">Zwischen den Fronten : Konflikt- und Krisenmanagement an den östlichen und südlichen Flanken der EU --</subfield>
    <subfield code="t">Sicherheit in Europa : Russland und die Ukraine-Krise --</subfield>
    <subfield code="t">Von Tabubrüchen der deutschen Aussen- und Sicherheitspolitik : die Krisen an der südlichen Peripherie --</subfield>
    <subfield code="t">Europas Verteidigung und das Austarieren militärischer Macht --</subfield>
    <subfield code="t">Die Flüchtlingskrise und das Dilemma der Idee der humanitären Intervention --</subfield>
    <subfield code="t">Die transatlantische und andere strategische Partnerschaften : Deutschland im Konzert der globalen Systemveränderer --</subfield>
    <subfield code="t">Das Schicksal in die eigenen Hände nehmen ... : Zur Zukunft des transatlantischen Verhältnisses --</subfield>
    <subfield code="t">Zur notwendigen Neubewertung des Verhältnisses zu Russland --</subfield>
    <subfield code="t">Warum uns China tangiert --</subfield>
    <subfield code="t">Deutschland neuer aussenpolitischer Pragmatismus --</subfield>
    <subfield code="t">Die Selbstbehauptung im neuen Systemwettbewerb hat ihren Preis --</subfield>
    <subfield code="t">Pragmatismus bedeutet nicht Beliebigkeit, sondern erfordert strategische Prioritäten --</subfield>
    <subfield code="t">Das Ende der Selbstfesselung : warum die Debatte über die deutsche Rolle überholt ist --</subfield>
    <subfield code="t">Europas Metamorphose --</subfield>
    <subfield code="t">Angekommen.</subfield>
  </datafield>
  <datafield tag="651" ind1=" " ind2="0">
    <subfield code="a">Germany</subfield>
    <subfield code="x">Foreign relations</subfield>
    <subfield code="y">1990-</subfield>
  </datafield>
  <datafield tag="650" ind1=" " ind2="0">
    <subfield code="a">International relations.</subfield>
  </datafield>
  <datafield tag="610" ind1="2" ind2="0">
    <subfield code="a">European Union.</subfield>
  </datafield>
  <datafield tag="651" ind1=" " ind2="7">
    <subfield code="a">European Union.</subfield>
    <subfield code="2">eclas</subfield>
  </datafield>
  <datafield tag="651" ind1=" " ind2="7">
    <subfield code="a">Union européenne.</subfield>
    <subfield code="2">eclas</subfield>
  </datafield>
  <datafield tag="650" ind1=" " ind2="7">
    <subfield code="a">Foreign policy.</subfield>
    <subfield code="2">eclas</subfield>
  </datafield>
  <datafield tag="651" ind1=" " ind2="7">
    <subfield code="a">Germany.</subfield>
    <subfield code="2">eclas</subfield>
  </datafield>
  <datafield tag="650" ind1=" " ind2="7">
    <subfield code="a">Diplomatic relations.</subfield>
    <subfield code="2">fast</subfield>
    <subfield code="0">(OCoLC)fst01907412</subfield>
  </datafield>
  <datafield tag="651" ind1=" " ind2="7">
    <subfield code="a">Germany.</subfield>
    <subfield code="2">fast</subfield>
    <subfield code="0">(OCoLC)fst01210272</subfield>
  </datafield>
  <datafield tag="923" ind1=" " ind2=" ">
    <subfield code="d">20190523</subfield>
    <subfield code="n">0202124</subfield>
    <subfield code="s">GyWOH</subfield>
  </datafield>
  <datafield tag="955" ind1=" " ind2=" ">
    <subfield code="a">ve21 2017-05-31</subfield>
    <subfield code="a">fd10 2019-07-02</subfield>
    <subfield code="a">fd00 2019-07-02 to GS/GER</subfield>
  </datafield>
  <datafield tag="985" ind1=" " ind2=" ">
    <subfield code="e">VENDOR LOAD</subfield>
  </datafield>
</record>