
<record>
  <leader>02231cam a2200385 i 4500</leader>
  <controlfield tag="001">21000085</controlfield>
  <controlfield tag="005">20200102170141.0</controlfield>
  <controlfield tag="008">190507s2019    fr       b    000 0 fre d</controlfield>
  <datafield tag="906" ind1=" " ind2=" ">
    <subfield code="a">0</subfield>
    <subfield code="b">ibc</subfield>
    <subfield code="c">copycat</subfield>
    <subfield code="d">3</subfield>
    <subfield code="e">ncip</subfield>
    <subfield code="f">20</subfield>
    <subfield code="g">y-gencatlg</subfield>
  </datafield>
  <datafield tag="925" ind1="0" ind2=" ">
    <subfield code="a">acquire</subfield>
    <subfield code="b">1 shelf copy</subfield>
    <subfield code="x">policy default</subfield>
  </datafield>
  <datafield tag="955" ind1=" " ind2=" ">
    <subfield code="a">ve03 2017-05-31</subfield>
    <subfield code="b">bd35 2019-06-10</subfield>
  </datafield>
  <datafield tag="010" ind1=" " ind2=" ">
    <subfield code="a">  2019409458</subfield>
  </datafield>
  <datafield tag="020" ind1=" " ind2=" ">
    <subfield code="a">9782246818052</subfield>
    <subfield code="q">(paperback)</subfield>
  </datafield>
  <datafield tag="020" ind1=" " ind2=" ">
    <subfield code="a">2246818052</subfield>
    <subfield code="q">(paperback)</subfield>
  </datafield>
  <datafield tag="035" ind1=" " ind2=" ">
    <subfield code="a">(OCoLC)on1100566710</subfield>
  </datafield>
  <datafield tag="040" ind1=" " ind2=" ">
    <subfield code="a">AUXAM</subfield>
    <subfield code="b">eng</subfield>
    <subfield code="e">rda</subfield>
    <subfield code="c">AUXAM</subfield>
    <subfield code="d">UBC</subfield>
    <subfield code="d">OCLCO</subfield>
    <subfield code="d">LTSCA</subfield>
    <subfield code="d">OCLCF</subfield>
    <subfield code="d">PUL</subfield>
    <subfield code="d">DEBBG</subfield>
    <subfield code="d">DLC</subfield>
  </datafield>
  <datafield tag="042" ind1=" " ind2=" ">
    <subfield code="a">lccopycat</subfield>
  </datafield>
  <datafield tag="050" ind1="0" ind2="0">
    <subfield code="a">D13.5.C725</subfield>
    <subfield code="b">W65 2019</subfield>
  </datafield>
  <datafield tag="100" ind1="1" ind2=" ">
    <subfield code="a">Wolton, Thierry,</subfield>
    <subfield code="e">author.</subfield>
  </datafield>
  <datafield tag="245" ind1="1" ind2="3">
    <subfield code="a">Le négationnisme de gauche /</subfield>
    <subfield code="c">Thierry Wolton.</subfield>
  </datafield>
  <datafield tag="264" ind1=" " ind2="1">
    <subfield code="a">Paris :</subfield>
    <subfield code="b">Bernard Grasset,</subfield>
    <subfield code="c">[2019]</subfield>
  </datafield>
  <datafield tag="300" ind1=" " ind2=" ">
    <subfield code="a">220 pages ;</subfield>
    <subfield code="c">21 cm</subfield>
  </datafield>
  <datafield tag="336" ind1=" " ind2=" ">
    <subfield code="a">text</subfield>
    <subfield code="b">txt</subfield>
    <subfield code="2">rdacontent</subfield>
  </datafield>
  <datafield tag="337" ind1=" " ind2=" ">
    <subfield code="a">unmediated</subfield>
    <subfield code="b">n</subfield>
    <subfield code="2">rdamedia</subfield>
  </datafield>
  <datafield tag="338" ind1=" " ind2=" ">
    <subfield code="a">volume</subfield>
    <subfield code="b">nc</subfield>
    <subfield code="2">rdacarrier</subfield>
  </datafield>
  <datafield tag="504" ind1=" " ind2=" ">
    <subfield code="a">Includes bibliographical references.</subfield>
  </datafield>
  <datafield tag="505" ind1="0" ind2="0">
    <subfield code="t">Sur le négationnisme --</subfield>
    <subfield code="t">Le Mur de la mémoire --</subfield>
    <subfield code="t">Quand un négationnisme en cache un autre --</subfield>
    <subfield code="t">Unicité de la Shoah, singularité du &quot;classicide&quot; --</subfield>
    <subfield code="t">Le rideau de fer mémoriel --</subfield>
    <subfield code="t">Le négationnisme, un avatar rouge-brun --</subfield>
    <subfield code="t">Les internationales négationnistes --</subfield>
    <subfield code="t">La bonne conscience des négationnistes de gauche --</subfield>
    <subfield code="t">Le révélateur khmer rouge --</subfield>
    <subfield code="t">L&apos;argumentaire négationniste classique --</subfield>
    <subfield code="t">Les gardiens du temple marxiste-léniniste --</subfield>
    <subfield code="t">L&apos;effet opium des intellectuels --</subfield>
    <subfield code="t">La divinité Mao --</subfield>
    <subfield code="t">La banalisation du négationnisme de gauche --</subfield>
    <subfield code="t">La mémoire captive --</subfield>
    <subfield code="t">La mémoire qui flanche --</subfield>
    <subfield code="t">En passant par la Corée --</subfield>
    <subfield code="t">En mode communiste --</subfield>
    <subfield code="t">Le monde en noir et rouge --</subfield>
    <subfield code="t">La convergence des négationnismes --</subfield>
    <subfield code="t">Vieilles lunes et nouvelles espérances --</subfield>
    <subfield code="t">Islamo-gauchisme et fascislamisme --</subfield>
    <subfield code="t">L&apos;éternel retour de l&apos;antisémitisme --</subfield>
    <subfield code="t">À contre-modernité --</subfield>
    <subfield code="t">L&apos;avenir radieux du négationnisme.</subfield>
  </datafield>
  <datafield tag="650" ind1=" " ind2="0">
    <subfield code="a">Historiography</subfield>
    <subfield code="z">Communist countries.</subfield>
  </datafield>
  <datafield tag="650" ind1=" " ind2="0">
    <subfield code="a">Political atrocities</subfield>
    <subfield code="z">Communist countries..</subfield>
  </datafield>
  <datafield tag="650" ind1=" " ind2="0">
    <subfield code="a">Communism</subfield>
    <subfield code="x">Historiography.</subfield>
  </datafield>
  <datafield tag="650" ind1=" " ind2="0">
    <subfield code="a">Communism and intellectuals.</subfield>
  </datafield>
  <datafield tag="650" ind1=" " ind2="0">
    <subfield code="a">Socialism and rhetoric.</subfield>
  </datafield>
  <datafield tag="650" ind1=" " ind2="0">
    <subfield code="a">Denialism.</subfield>
  </datafield>
  <datafield tag="923" ind1=" " ind2=" ">
    <subfield code="d">20190521</subfield>
    <subfield code="n">625904</subfield>
    <subfield code="s">FR-PaAMA</subfield>
  </datafield>
  <datafield tag="985" ind1=" " ind2=" ">
    <subfield code="e">VENDOR LOAD</subfield>
  </datafield>
</record>