
<record>
  <leader>06718cam a2200445 i 4500</leader>
  <controlfield tag="001">21008502</controlfield>
  <controlfield tag="005">20200102122511.0</controlfield>
  <controlfield tag="008">190607s2019    nyu      b    000 0 eng  </controlfield>
  <datafield tag="906" ind1=" " ind2=" ">
    <subfield code="a">7</subfield>
    <subfield code="b">cbc</subfield>
    <subfield code="c">origres</subfield>
    <subfield code="d">2</subfield>
    <subfield code="e">ncip</subfield>
    <subfield code="f">20</subfield>
    <subfield code="g">y-gencatlg</subfield>
  </datafield>
  <datafield tag="925" ind1="0" ind2=" ">
    <subfield code="a">acquire</subfield>
    <subfield code="b">2 shelf copies</subfield>
    <subfield code="x">policy default (ex.)</subfield>
  </datafield>
  <datafield tag="955" ind1=" " ind2=" ">
    <subfield code="b">xn16 2019-06-07 z-processor to USASH</subfield>
    <subfield code="i">rf11 2019-07-03 to SL</subfield>
    <subfield code="e">rf06 2019-07-12 (telework) to Dewey</subfield>
    <subfield code="w">xm09 2019-07-25</subfield>
  </datafield>
  <datafield tag="010" ind1=" " ind2=" ">
    <subfield code="a">  2019285114</subfield>
  </datafield>
  <datafield tag="020" ind1=" " ind2=" ">
    <subfield code="a">9781250212863</subfield>
    <subfield code="q">(harcover)</subfield>
  </datafield>
  <datafield tag="020" ind1=" " ind2=" ">
    <subfield code="a">1250212863</subfield>
    <subfield code="q">(hardcover)</subfield>
  </datafield>
  <datafield tag="020" ind1=" " ind2=" ">
    <subfield code="z">9781250179463</subfield>
    <subfield code="q">(ebook)</subfield>
  </datafield>
  <datafield tag="040" ind1=" " ind2=" ">
    <subfield code="a">DLC</subfield>
    <subfield code="c">DLC</subfield>
    <subfield code="e">rda</subfield>
    <subfield code="d">DLC</subfield>
  </datafield>
  <datafield tag="042" ind1=" " ind2=" ">
    <subfield code="a">pcc</subfield>
  </datafield>
  <datafield tag="043" ind1=" " ind2=" ">
    <subfield code="a">n-us---</subfield>
  </datafield>
  <datafield tag="050" ind1="0" ind2="0">
    <subfield code="a">E913.3</subfield>
    <subfield code="b">.D36 2019</subfield>
  </datafield>
  <datafield tag="082" ind1="0" ind2="0">
    <subfield code="a">973.933092</subfield>
    <subfield code="2">23</subfield>
  </datafield>
  <datafield tag="245" ind1="0" ind2="4">
    <subfield code="a">The dangerous case of Donald Trump :</subfield>
    <subfield code="b">37 psychiatrists and mental health experts assess a president /</subfield>
    <subfield code="c">edited by Bandy X. Lee, M.D., M.Div., Organizer of Yale&apos;s &quot;Duty to Warn&quot; Conference.</subfield>
  </datafield>
  <datafield tag="250" ind1=" " ind2=" ">
    <subfield code="a">Updated and expanded second editon.</subfield>
  </datafield>
  <datafield tag="264" ind1=" " ind2="1">
    <subfield code="a">New York :</subfield>
    <subfield code="b">Thomas Dunne Books, St. Martin&apos;s Press,</subfield>
    <subfield code="c">2019.</subfield>
  </datafield>
  <datafield tag="300" ind1=" " ind2=" ">
    <subfield code="a">lxii, 475 pages ;</subfield>
    <subfield code="c">25 cm</subfield>
  </datafield>
  <datafield tag="336" ind1=" " ind2=" ">
    <subfield code="a">text</subfield>
    <subfield code="b">txt</subfield>
    <subfield code="2">rdacontent</subfield>
  </datafield>
  <datafield tag="337" ind1=" " ind2=" ">
    <subfield code="a">unmediated</subfield>
    <subfield code="b">n</subfield>
    <subfield code="2">rdamedia</subfield>
  </datafield>
  <datafield tag="338" ind1=" " ind2=" ">
    <subfield code="a">volume</subfield>
    <subfield code="b">nc</subfield>
    <subfield code="2">rdacarrier</subfield>
  </datafield>
  <datafield tag="505" ind1="0" ind2=" ">
    <subfield code="a">Foreword to the second edition: the dire warning of mental health experts / Jeffrey D. Sachs -- Prologue to the second edition: professions and activism / Stephen Soldz and Bandy X. Lee -- Foreword to the first edition: our witness to malignant normality / Robert Jay Lifton -- Prologue to the first edition: professions and politics / Judith Lewis Herman and Bandy X. Lee. Introduction: our duty to warn and to protect / Bandy X. Lee. Part 1 The Trump phenomenon : Unbridled and extreme present hedonism: how the leader of the free world has proven time and again he is unfit for duty / Philip Zimbardo and Rosemary Sword -- Pathological narcissism and politics; a lethal mix / Craig Malkin -- I wrote &quot;The Art of the Deal&quot; with Donald Trump: his self-sabotage is rooted in his past / Tony Schwartz -- Trump&apos;s trust deficit is the core problem / Gail Sheehy -- Sociopathy / Lance Dodes -- Donald Trump is (A) bad, (B) mad, (C) all of the above / John D. Gartner -- Why &quot;crazy like a fox&quot; versus &quot;crazy like a crazy&quot; really matters: delusional disorder, admiration of brutal dictators, the nuclear codes, and Trump / Michael J. Tansey -- Cognitive impairment, dementia, and POTUS / David M. Reiss -- Donald J. Trump, alleged incapacitated person: mental incapacity, the electoral college, and the twenty-fifth amendment / James A. Herb. Part 2 The Trump dilemma : Should psychiatrists refrain from commenting on Trump&apos;s psychology / Leonard L. Glass -- On seeing what you see and saying what you know: a psychiatrist&apos;s responsibility / Henry J. Friedman -- The issue is dangerousness, not mental illness / James Gilligan -- A clinical case for the dangerousness of Donald J. Trump / Diane Jhueck -- Health, risk, and the duty to protect the community / Howard H. Covitz -- New opportunities for therapy in the age of Trump / William J. Doherty. Part 3 The Trump effect : Trauma, time, truth, and Trump: how a president freezes healing and promotes crisis / Betty P. Teng -- Trump anxiety disorder: the Trump effect on the mental health of half the nation and special populations / Jennifer Contarino Panning -- In relationship with an abusive president / Harper West -- Birtherism and the deployment of the Trumpian mind-set / Luba Kessler -- Trump&apos;s daddy issues: a toxic mix for America / Steve Wruble -- Trump and the American collective psyche / Thomas Singer -- Who goes Trump? Tyranny as a triumph of narcissism / Elizabeth Mika -- The loneliness of fateful decisions: social contexts and psychological vulnerability / Edwin B. Fisher -- He&apos;s got the world in his hands and his finger on the trigger: the twenty-fifth amendment solution / Nanette Gartrell and Dee Mosbacher. Part 4 Sociocultural consequences : Persistent enslavement systemic trauma: the deleterious impact of Trump&apos;s rhetoric on black and brown people / Kevin Washington -- Traumatic consequences for immigrant populations in the United States / Rosa Maria Bramble -- To Trump, some lives matter / Ellyn Uram Kaschak -- The charismatic leader-follower relationship and Trump&apos;s base / Jerrold M. Post. Part 5 Humanity&apos;s perpetuation and survival : The myth of nuclear war / James R. Merikangas, with Tarannum M. Lateef -- The age of Thanatos: environmental consequences of the Trump presidency / Lise Van Sustern and H. Steven Moffic -- The Goldwater rule and the silence of American psychiatry: a 2017 symposium / Nassir Ghaemi -- Is the Commander in Chief fit to serve? A nonpartisan test that marries U.S. Army leadership standards with psychoanalytic theory / Prudence Gourguechon -- Disordered minds: democracy as a defense against dangerous personalities / Ian Hughes -- Congress should establish an alternative body to assess the President / Norman Eisen and Richard Painter. Epilogue: reaching beyond the professions / Noam Chomsky, with Bandy X. Lee. Appendix: transcript of the Yale Conference (online).</subfield>
  </datafield>
  <datafield tag="520" ind1=" " ind2=" ">
    <subfield code="a">&quot;He&apos;s only getting worse. Donald Trump&apos;s erratic behavior throughout his presidential campaign caused many of us to ask: What is wrong with him? After the election, politicians and pundits assured us he would change once he took office and would live up to his role as president. After spending two years in the most powerful position in the world, however, Trump has only gotten worse. He rants. He lashes out. He threatens violence. He holds rallies to rile up his supporters. And he lies constantly. He has become, to use the word of one former staffer, &quot;unhinged.&quot; In this updated and expanded edition of the bestselling The Dangerous case of Donald Trump, the twenty-seven psychiatrists, psychologists, and other mental health experts who first took on their brave &quot;duty to warn&quot; the public about the dangers of Trump are now joined by ten more.&quot;--Dust jacket.</subfield>
  </datafield>
  <datafield tag="504" ind1=" " ind2=" ">
    <subfield code="a">Includes bibliographical references.</subfield>
  </datafield>
  <datafield tag="600" ind1="1" ind2="0">
    <subfield code="a">Trump, Donald,</subfield>
    <subfield code="d">1946-</subfield>
    <subfield code="x">Mental health.</subfield>
  </datafield>
  <datafield tag="600" ind1="1" ind2="0">
    <subfield code="a">Trump, Donald,</subfield>
    <subfield code="d">1946-</subfield>
    <subfield code="x">Psychology.</subfield>
  </datafield>
  <datafield tag="651" ind1=" " ind2="0">
    <subfield code="a">United States</subfield>
    <subfield code="x">Politics and government</subfield>
    <subfield code="y">2017-</subfield>
    <subfield code="x">Moral and ethical aspects.</subfield>
  </datafield>
  <datafield tag="650" ind1=" " ind2="0">
    <subfield code="a">Despotism</subfield>
    <subfield code="x">Psychological aspects</subfield>
    <subfield code="v">Case studies.</subfield>
  </datafield>
  <datafield tag="650" ind1=" " ind2="0">
    <subfield code="a">Heads of state</subfield>
    <subfield code="x">Mental health</subfield>
    <subfield code="v">Case studies.</subfield>
  </datafield>
  <datafield tag="650" ind1=" " ind2="0">
    <subfield code="a">Public administration</subfield>
    <subfield code="x">Decision making</subfield>
    <subfield code="x">Psychological aspects</subfield>
    <subfield code="v">Case studies.</subfield>
  </datafield>
  <datafield tag="650" ind1=" " ind2="0">
    <subfield code="a">Political leadership</subfield>
    <subfield code="x">Psychological aspects</subfield>
    <subfield code="v">Case studies.</subfield>
  </datafield>
  <datafield tag="650" ind1=" " ind2="0">
    <subfield code="a">Presidents</subfield>
    <subfield code="z">United States</subfield>
    <subfield code="x">Psychology</subfield>
    <subfield code="v">Case studies.</subfield>
  </datafield>
  <datafield tag="700" ind1="1" ind2=" ">
    <subfield code="a">Lee, Bandy X.,</subfield>
    <subfield code="d">1970-</subfield>
    <subfield code="e">editor.</subfield>
  </datafield>
  <datafield tag="856" ind1="4" ind2="2">
    <subfield code="3">Yale conference transcript</subfield>
    <subfield code="u">https://us.macmillan.com/static/duty-to-warn-conference-transcript.pdf</subfield>
  </datafield>
</record>