
<record>
  <leader>03789cam a22003978i 4500</leader>
  <controlfield tag="001">21011724</controlfield>
  <controlfield tag="005">20200102162953.0</controlfield>
  <controlfield tag="008">190421s2019    enk      b    001 0 eng c</controlfield>
  <datafield tag="906" ind1=" " ind2=" ">
    <subfield code="a">7</subfield>
    <subfield code="b">cbc</subfield>
    <subfield code="c">orignew</subfield>
    <subfield code="d">1</subfield>
    <subfield code="e">ecip</subfield>
    <subfield code="f">20</subfield>
    <subfield code="g">y-gencatlg</subfield>
  </datafield>
  <datafield tag="925" ind1="0" ind2=" ">
    <subfield code="a">acquire</subfield>
    <subfield code="b">1 shelf copy</subfield>
    <subfield code="x">policy default</subfield>
  </datafield>
  <datafield tag="955" ind1=" " ind2=" ">
    <subfield code="b">xk16 2019-06-07</subfield>
    <subfield code="d">xk16 2019-06-11 to Policy</subfield>
    <subfield code="e">td14 2020-01-02 revised subject headings to reflect content of work; subject and class proposals not approved; to Dewey</subfield>
    <subfield code="w">xm07 2020-01-02</subfield>
  </datafield>
  <datafield tag="010" ind1=" " ind2=" ">
    <subfield code="a">  2019018816</subfield>
  </datafield>
  <datafield tag="020" ind1=" " ind2=" ">
    <subfield code="a">9781787074354</subfield>
    <subfield code="q">(alk. paper)</subfield>
  </datafield>
  <datafield tag="040" ind1=" " ind2=" ">
    <subfield code="a">LBSOR/DLC</subfield>
    <subfield code="b">eng</subfield>
    <subfield code="e">rda</subfield>
    <subfield code="c">LBSOR</subfield>
  </datafield>
  <datafield tag="042" ind1=" " ind2=" ">
    <subfield code="a">pcc</subfield>
  </datafield>
  <datafield tag="043" ind1=" " ind2=" ">
    <subfield code="a">cl-----</subfield>
  </datafield>
  <datafield tag="050" ind1="0" ind2="0">
    <subfield code="a">PQ7082.D48</subfield>
    <subfield code="b">C75 2019</subfield>
  </datafield>
  <datafield tag="082" ind1="0" ind2="0">
    <subfield code="a">863/.087209064</subfield>
    <subfield code="2">23</subfield>
  </datafield>
  <datafield tag="245" ind1="0" ind2="0">
    <subfield code="a">Crime scenes :</subfield>
    <subfield code="b">Latin American crime fiction from the 1960s to the 2010s /</subfield>
    <subfield code="c">[edited by] Charlotte Lange and Ailsa Peate.</subfield>
  </datafield>
  <datafield tag="263" ind1=" " ind2=" ">
    <subfield code="a">1906</subfield>
  </datafield>
  <datafield tag="264" ind1=" " ind2="1">
    <subfield code="a">Oxford ;</subfield>
    <subfield code="a">New York :</subfield>
    <subfield code="b">Peter Lang,</subfield>
    <subfield code="c">[2019]</subfield>
  </datafield>
  <datafield tag="300" ind1=" " ind2=" ">
    <subfield code="a">pages cm</subfield>
  </datafield>
  <datafield tag="336" ind1=" " ind2=" ">
    <subfield code="a">text</subfield>
    <subfield code="b">txt</subfield>
    <subfield code="2">rdacontent</subfield>
  </datafield>
  <datafield tag="337" ind1=" " ind2=" ">
    <subfield code="a">unmediated</subfield>
    <subfield code="b">n</subfield>
    <subfield code="2">rdamedia</subfield>
  </datafield>
  <datafield tag="338" ind1=" " ind2=" ">
    <subfield code="a">volume</subfield>
    <subfield code="b">nc</subfield>
    <subfield code="2">rdacarrier</subfield>
  </datafield>
  <datafield tag="504" ind1=" " ind2=" ">
    <subfield code="a">Includes bibliographical references and index.</subfield>
  </datafield>
  <datafield tag="505" ind1="0" ind2=" ">
    <subfield code="a">Crime scenes in Latin America&apos;s novela negra (1960s-2010s) / Charlotte Lange and Ailsa Peate -- Avenging assassins : women and power in Rosario Tijeras (1999) by Jorge Franco and La reina del sur (2002) by Arturo Pérez Reverte / Pascale Baker -- What happens in Clipperton? : criminality and trauma in Isla de pasión (1989) by Laura Restrepo and Isla de Bobos (2007) by Ana García Bergua / Niamh Thornton -- That&apos;s funny : Mexican crime fiction according to Jorge Ibargüengoitia / Charlotte Lange -- Collective culpability in Costa Rica : the case of Quince Duncan&apos;s Kimbo / Elizabeth Harvey-Kattou -- Cracking up : interpreting the crime scene(s) in Claudia Piñeiro&apos;s Las grietas de Jara / Fiona Mackintosh -- Map-maker most foul : Rodolfo Walsh&apos;s &quot;Cartas&quot; and the geography of crime / David Conlon -- Roberto Ampuero and The Neruda case : the detective, the poet, the &quot;converso&quot; / Philip Swanson -- Havana noir : space and memory in Leonardo Padura&apos;s Mario Conde detective series / Diana Battaglia -- Disturbing scenes in Amir Valle&apos;s detective series El descenso a los Infiernos / Ailsa Peate -- Scenes from the most violent city in the world : Caracas muerde and Muerte en el Guaire / Katie Brown.</subfield>
  </datafield>
  <datafield tag="520" ind1=" " ind2=" ">
    <subfield code="a">&quot;Crime fiction has become a key element in Latin American literature. The rise in production of the genre can be explained by an urgency to explore issues of morality in societies which incorporate varying levels of censorship and corruption. Through a focus on the concept of the crime scene itself, this book identifies and interrogates some of the principal developments in contemporary Latin American crime fiction. In ten chapters which cover Argentina, Chile, Colombia, Costa Rica, Cuba, Mexico and Venezuela, and generic diversity which spans police procedurals, narcoliteratura, postmodern detection, and historical portrayals of crimes, the authors investigate how the crime scene - which has always been central to the genre and its subgenres - critiques local and global issues, including social injustice, discrimination, neoliberalism, violence, identity, corruption, and memory&quot;--</subfield>
    <subfield code="c">Provided by publisher.</subfield>
  </datafield>
  <datafield tag="650" ind1=" " ind2="0">
    <subfield code="a">Detective and mystery stories, Spanish American</subfield>
    <subfield code="x">History and criticism.</subfield>
  </datafield>
  <datafield tag="650" ind1=" " ind2="0">
    <subfield code="a">Spanish American fiction</subfield>
    <subfield code="y">20th century</subfield>
    <subfield code="x">History and criticism.</subfield>
  </datafield>
  <datafield tag="650" ind1=" " ind2="0">
    <subfield code="a">Spanish American fiction</subfield>
    <subfield code="y">21st century</subfield>
    <subfield code="x">History and criticism.</subfield>
  </datafield>
  <datafield tag="650" ind1=" " ind2="0">
    <subfield code="a">Criminal investigation in literature.</subfield>
  </datafield>
  <datafield tag="700" ind1="1" ind2=" ">
    <subfield code="a">Lange, Charlotte,</subfield>
    <subfield code="e">editor.</subfield>
  </datafield>
  <datafield tag="700" ind1="1" ind2=" ">
    <subfield code="a">Peate, Ailsa,</subfield>
    <subfield code="d">1988-</subfield>
    <subfield code="e">editor.</subfield>
  </datafield>
  <datafield tag="963" ind1=" " ind2=" ">
    <subfield code="a">Natasha Collin; phone: 44-1865514160; email: n.collin@peterlang.com; bc: a.frey@peterlang.com</subfield>
  </datafield>
  <datafield tag="985" ind1=" " ind2=" ">
    <subfield code="a">LBSORCIP</subfield>
    <subfield code="d">2019-06-07</subfield>
  </datafield>
</record>