
<record>
  <leader>04143cam a2200457 i 4500</leader>
  <controlfield tag="001">21024380</controlfield>
  <controlfield tag="005">20200102104141.0</controlfield>
  <controlfield tag="008">190616s2019    txua          001 0ceng  </controlfield>
  <datafield tag="906" ind1=" " ind2=" ">
    <subfield code="a">7</subfield>
    <subfield code="b">cbc</subfield>
    <subfield code="c">orignew</subfield>
    <subfield code="d">1</subfield>
    <subfield code="e">ecip</subfield>
    <subfield code="f">20</subfield>
    <subfield code="g">y-gencatlg</subfield>
  </datafield>
  <datafield tag="925" ind1="0" ind2=" ">
    <subfield code="a">acquire</subfield>
    <subfield code="b">1 shelf copy</subfield>
    <subfield code="x">policy default</subfield>
  </datafield>
  <datafield tag="955" ind1=" " ind2=" ">
    <subfield code="b">re24 2019-06-14</subfield>
    <subfield code="e">re24 2019-06-18 to Dewey (episodic telework)</subfield>
    <subfield code="w">re09 2019-06-27 to CIP</subfield>
    <subfield code="a">xn11 2019-12-13 1 copy rec&apos;d., to CIP ver.</subfield>
    <subfield code="f">re24 2020-01-02 to CALM</subfield>
  </datafield>
  <datafield tag="010" ind1=" " ind2=" ">
    <subfield code="a">  2019021687</subfield>
  </datafield>
  <datafield tag="020" ind1=" " ind2=" ">
    <subfield code="a">9781623498474</subfield>
    <subfield code="q">(cloth)</subfield>
  </datafield>
  <datafield tag="020" ind1=" " ind2=" ">
    <subfield code="z">9781623498481</subfield>
    <subfield code="q">(ebook)</subfield>
  </datafield>
  <datafield tag="040" ind1=" " ind2=" ">
    <subfield code="a">TXA/DLC</subfield>
    <subfield code="b">eng</subfield>
    <subfield code="c">DLC</subfield>
    <subfield code="e">rda</subfield>
    <subfield code="d">DLC</subfield>
  </datafield>
  <datafield tag="042" ind1=" " ind2=" ">
    <subfield code="a">pcc</subfield>
  </datafield>
  <datafield tag="043" ind1=" " ind2=" ">
    <subfield code="a">n-us-tx</subfield>
  </datafield>
  <datafield tag="050" ind1="0" ind2="0">
    <subfield code="a">LD5309</subfield>
    <subfield code="b">.G74 2019</subfield>
  </datafield>
  <datafield tag="082" ind1="0" ind2="0">
    <subfield code="a">378.764/242</subfield>
    <subfield code="2">23</subfield>
  </datafield>
  <datafield tag="100" ind1="1" ind2=" ">
    <subfield code="a">Gregg, Tim,</subfield>
    <subfield code="e">author.</subfield>
  </datafield>
  <datafield tag="245" ind1="1" ind2="0">
    <subfield code="a">RELLIS recollections :</subfield>
    <subfield code="b">75 years of learning, leadership, and discovery /</subfield>
    <subfield code="c">Tim Gregg.</subfield>
  </datafield>
  <datafield tag="250" ind1=" " ind2=" ">
    <subfield code="a">First edition.</subfield>
  </datafield>
  <datafield tag="264" ind1=" " ind2="1">
    <subfield code="a">College Station :</subfield>
    <subfield code="b">Texas A&amp;M University Press,</subfield>
    <subfield code="c">[2019]</subfield>
  </datafield>
  <datafield tag="300" ind1=" " ind2=" ">
    <subfield code="a">156 pages :</subfield>
    <subfield code="b">illustrations ;</subfield>
    <subfield code="c">23 x 29 cm.</subfield>
  </datafield>
  <datafield tag="336" ind1=" " ind2=" ">
    <subfield code="a">text</subfield>
    <subfield code="b">txt</subfield>
    <subfield code="2">rdacontent</subfield>
  </datafield>
  <datafield tag="337" ind1=" " ind2=" ">
    <subfield code="a">unmediated</subfield>
    <subfield code="b">n</subfield>
    <subfield code="2">rdamedia</subfield>
  </datafield>
  <datafield tag="338" ind1=" " ind2=" ">
    <subfield code="a">volume</subfield>
    <subfield code="b">nc</subfield>
    <subfield code="2">rdacarrier</subfield>
  </datafield>
  <datafield tag="490" ind1="1" ind2=" ">
    <subfield code="a">Centennial series of the Association of Former Students, Texas A&amp;M University ;</subfield>
    <subfield code="v">number 131</subfield>
  </datafield>
  <datafield tag="500" ind1=" " ind2=" ">
    <subfield code="a">Includes index.</subfield>
  </datafield>
  <datafield tag="505" ind1="0" ind2=" ">
    <subfield code="a">Foreword / by John Sharp -- Preface -- Introduction: One Place. Many Names -- Skies Over The Brazos Valley -- The Godfather of Bryan Field -- Letter to the President -- Neighbors for Life -- Hurricane Hunter -- Tuskegee Airmen -- WASP -- Service Teams -- Remembering the Annex -- Second man -- Father&apos;s Footsteps -- The 1955 Bryan Air Force Base Yearbook -- Annexation -- Crash Tests -- Ship lab -- Riverside Campus Master Plan -- Generations -- Baboons, Bovines, and Bees -- Final Flights -- The Future of RELLIS -- Epilogue: Dreams Die Hard.</subfield>
  </datafield>
  <datafield tag="520" ind1=" " ind2=" ">
    <subfield code="a">&quot;Today&apos;s RELLIS Campus, the Texas A&amp;M University System&apos;s emerging educational, technological, and research reserve, carries with it a proud heritage forged from more than 75 years of remarkable and kindred achievement. First established as Bryan Army Air Field at the outset of World War II, the site has been and will continue to be a hub for learning, leadership and history in the making. Bryan Field was one of the key domestic military installations during America&apos;s involvement in World War II. Its unique and critical mission: to train instructors to teach instrumentation flying to U.S. and Allied aviators. Those activities not only helped turn the tide of global warfare, but also provided meaningful employment for hundreds of area men and women, a major boost to the local economy. At war&apos;s end, the site&apos;s long affiliation with Texas A&amp;M began as Bryan Field was converted into &quot;The Annex,&quot; the temporary four-year home of first-year cadets attending the A&amp;M College of Texas. Reactivated as Bryan Air Force Base at the outset of the Korean War in 1951 and then permanently transferred to Texas A&amp;M as an off-campus research and training enclave a decade later, today&apos;s RELLIS Campus carries on an enduring legacy. In these richly illustrated pages, author Tim Gregg honors the storied past of both the place as well as the people whose lives and life-accomplishments have intersected with the locale. Of those whose futures will be shaped on the RELLIS Campus, A&amp;M System Chancellor John Sharp writes in the foreword to the book, &quot;May they take their inspiration from the stories you&apos;ll find here.&quot;&quot;--</subfield>
    <subfield code="c">Provided by publisher.</subfield>
  </datafield>
  <datafield tag="610" ind1="2" ind2="0">
    <subfield code="a">Texas A &amp; M University System.</subfield>
    <subfield code="b">RELLIS Campus</subfield>
    <subfield code="v">Biography.</subfield>
  </datafield>
  <datafield tag="610" ind1="2" ind2="0">
    <subfield code="a">Texas A &amp; M University System.</subfield>
    <subfield code="b">Riverside Campus</subfield>
    <subfield code="v">Biography.</subfield>
  </datafield>
  <datafield tag="610" ind1="2" ind2="0">
    <subfield code="a">Texas A &amp; M University System</subfield>
    <subfield code="x">Alumni and alumnae</subfield>
    <subfield code="v">Biography.</subfield>
  </datafield>
  <datafield tag="610" ind1="2" ind2="0">
    <subfield code="a">Agricultural and Mechanical College of Texas</subfield>
    <subfield code="x">Alumni and alumnae</subfield>
    <subfield code="v">Biography.</subfield>
  </datafield>
  <datafield tag="650" ind1=" " ind2="0">
    <subfield code="a">College campuses</subfield>
    <subfield code="z">Texas</subfield>
    <subfield code="z">Bryan</subfield>
    <subfield code="x">History.</subfield>
  </datafield>
  <datafield tag="651" ind1=" " ind2="0">
    <subfield code="a">Bryan Air Force Base (Tex.)</subfield>
    <subfield code="v">Biography.</subfield>
  </datafield>
  <datafield tag="651" ind1=" " ind2="0">
    <subfield code="a">Bryan Army Air Field (Tex.)</subfield>
    <subfield code="v">Biography.</subfield>
  </datafield>
  <datafield tag="700" ind1="1" ind2=" ">
    <subfield code="a">Sharp, John</subfield>
    <subfield code="q">(John Spencer),</subfield>
    <subfield code="e">writer of foreword.</subfield>
  </datafield>
  <datafield tag="830" ind1=" " ind2="0">
    <subfield code="a">Centennial series of the Association of Former Students, Texas A&amp;M University ;</subfield>
    <subfield code="v">no. 131.</subfield>
  </datafield>
  <datafield tag="985" ind1=" " ind2=" ">
    <subfield code="a">TXACIP</subfield>
    <subfield code="d">2019-06-14</subfield>
  </datafield>
</record>