
<record>
  <leader>03235cam a22004338i 4500</leader>
  <controlfield tag="001">21031383</controlfield>
  <controlfield tag="005">20200102160641.0</controlfield>
  <controlfield tag="008">190621s2019    wau      b   s001 0 eng c</controlfield>
  <datafield tag="906" ind1=" " ind2=" ">
    <subfield code="a">0</subfield>
    <subfield code="b">ibc</subfield>
    <subfield code="c">orignew</subfield>
    <subfield code="d">1</subfield>
    <subfield code="e">ecip</subfield>
    <subfield code="f">20</subfield>
    <subfield code="g">y-gencatlg</subfield>
  </datafield>
  <datafield tag="925" ind1="0" ind2=" ">
    <subfield code="a">acquire</subfield>
    <subfield code="b">1 shelf copy</subfield>
    <subfield code="x">policy default</subfield>
  </datafield>
  <datafield tag="955" ind1=" " ind2=" ">
    <subfield code="b">2019-06-21;</subfield>
    <subfield code="r">xk13 2019-06-26; to PSD (JY) (CLED/SHED);</subfield>
    <subfield code="e">td14 2020-01-02 to Dewey</subfield>
  </datafield>
  <datafield tag="010" ind1=" " ind2=" ">
    <subfield code="a">  2019018739</subfield>
  </datafield>
  <datafield tag="020" ind1=" " ind2=" ">
    <subfield code="a">9780295746623</subfield>
    <subfield code="q">(hardcover)</subfield>
  </datafield>
  <datafield tag="020" ind1=" " ind2=" ">
    <subfield code="a">9780295746609</subfield>
    <subfield code="q">(paperback)</subfield>
  </datafield>
  <datafield tag="020" ind1=" " ind2=" ">
    <subfield code="z">9780295746616</subfield>
    <subfield code="q">(ebook)</subfield>
  </datafield>
  <datafield tag="040" ind1=" " ind2=" ">
    <subfield code="a">LBSOR/DLC</subfield>
    <subfield code="b">eng</subfield>
    <subfield code="e">rda</subfield>
    <subfield code="c">DLC</subfield>
  </datafield>
  <datafield tag="042" ind1=" " ind2=" ">
    <subfield code="a">pcc</subfield>
  </datafield>
  <datafield tag="043" ind1=" " ind2=" ">
    <subfield code="a">ev-----</subfield>
  </datafield>
  <datafield tag="050" ind1="0" ind2="0">
    <subfield code="a">P94.5.S342</subfield>
    <subfield code="b">S3348 2019</subfield>
  </datafield>
  <datafield tag="100" ind1="1" ind2=" ">
    <subfield code="a">DuBois, Thomas A.</subfield>
    <subfield code="q">(Thomas Andrew),</subfield>
    <subfield code="d">1960-</subfield>
    <subfield code="e">author.</subfield>
  </datafield>
  <datafield tag="245" ind1="1" ind2="0">
    <subfield code="a">Sámi media and indigenous agency in the Arctic north /</subfield>
    <subfield code="c">Thomas DuBois and Coppélie Cocq.</subfield>
  </datafield>
  <datafield tag="263" ind1=" " ind2=" ">
    <subfield code="a">2001</subfield>
  </datafield>
  <datafield tag="264" ind1=" " ind2="1">
    <subfield code="a">Seattle :</subfield>
    <subfield code="b">University of Washington Press,</subfield>
    <subfield code="c">[2019]</subfield>
  </datafield>
  <datafield tag="300" ind1=" " ind2=" ">
    <subfield code="a">pages cm.</subfield>
  </datafield>
  <datafield tag="336" ind1=" " ind2=" ">
    <subfield code="a">text</subfield>
    <subfield code="b">txt</subfield>
    <subfield code="2">rdacontent</subfield>
  </datafield>
  <datafield tag="337" ind1=" " ind2=" ">
    <subfield code="a">unmediated</subfield>
    <subfield code="b">n</subfield>
    <subfield code="2">rdamedia</subfield>
  </datafield>
  <datafield tag="338" ind1=" " ind2=" ">
    <subfield code="a">volume</subfield>
    <subfield code="b">nc</subfield>
    <subfield code="2">rdacarrier</subfield>
  </datafield>
  <datafield tag="490" ind1="0" ind2=" ">
    <subfield code="a">New directions in Scandinavian studies</subfield>
  </datafield>
  <datafield tag="520" ind1=" " ind2=" ">
    <subfield code="a">&quot;Digital media, GIFs, films, TED Talks, tweets and more, have become an integral part of daily life and, unsurprisingly, indigenous people&apos;s strategies for addressing the historical and ongoing effects of colonization. Thomas DuBois and Coppélie Cocq consider how Sa&apos;mi (formerly called Lapp) people of Norway, Finland and Sweden have become expert at using digital media for personal and communal activism. Grounding their analysis in the &apos;creative image making&apos; Sa&apos;mi songwriters and poets employed in the 1970s A&apos;ltta&apos; dam protests, the authors examine contemporary efforts, from a singer creating YouTube music videos that combine rock music and joik (a traditional Sa&apos;mi musical genre) to anonymous activist groups sharing images of James Bond in Sa&apos;mi ga&apos;kti (Sa&apos;mi traditional dress) via Facebook. They demonstrate how these artists and activists stitch together indigenous and global symbols to create decolonizing works that invite Sa&apos;mi across Scandinavia into greater engagement with their natal culture while simultaneously convincing a global non-Sa&apos;mi audience of Sa&apos;mi resilience, continuity and inherent right to self-determination&quot;--</subfield>
    <subfield code="c">Provided by publisher.</subfield>
  </datafield>
  <datafield tag="504" ind1=" " ind2=" ">
    <subfield code="a">Includes bibliographical references and index.</subfield>
  </datafield>
  <datafield tag="505" ind1="0" ind2=" ">
    <subfield code="a">Introduction: Arvi -- Åppas : fresh snow -- Doalli : a strategy develops -- Tjïekere : the recovery of Sa&apos;mi continuity -- Sijvo : the momentum underway -- Rahte : contextualizing Sa&apos;mi uses of digital media -- Sa&apos;llat : new tracks -- Ruövddietjarvva : beyond the World Wide Web -- Conclusion: Fiehta.</subfield>
  </datafield>
  <datafield tag="650" ind1=" " ind2="0">
    <subfield code="a">Sami and mass media</subfield>
    <subfield code="z">Scandinavia.</subfield>
  </datafield>
  <datafield tag="650" ind1=" " ind2="0">
    <subfield code="a">Sami (European people) in mass media.</subfield>
  </datafield>
  <datafield tag="650" ind1=" " ind2="0">
    <subfield code="a">Internet and indigenous peoples</subfield>
    <subfield code="z">Scandinavia.</subfield>
  </datafield>
  <datafield tag="650" ind1=" " ind2="0">
    <subfield code="a">Digital media</subfield>
    <subfield code="x">Social aspects</subfield>
    <subfield code="z">Scandinavia.</subfield>
  </datafield>
  <datafield tag="650" ind1=" " ind2="0">
    <subfield code="a">Mass media and culture</subfield>
    <subfield code="z">Scandinavia.</subfield>
  </datafield>
  <datafield tag="700" ind1="1" ind2=" ">
    <subfield code="a">Cocq, Coppélie,</subfield>
    <subfield code="e">author.</subfield>
  </datafield>
  <datafield tag="776" ind1="0" ind2="8">
    <subfield code="i">Online version:</subfield>
    <subfield code="a">DuBois, Thomas A. (Thomas Andrew), 1960-.</subfield>
    <subfield code="t">Sámi media and indigenous agency in the Arctic north.</subfield>
    <subfield code="d">Seattle :   University of Washington Press, [2019]</subfield>
    <subfield code="z">9780295746616</subfield>
    <subfield code="w">(DLC)  2019980119</subfield>
  </datafield>
  <datafield tag="985" ind1=" " ind2=" ">
    <subfield code="a">LBSORCIP</subfield>
    <subfield code="d">2019-06-21</subfield>
  </datafield>
</record>