
<record>
  <leader>02283cam a22003018i 4500</leader>
  <controlfield tag="001">21032995</controlfield>
  <controlfield tag="005">20200102130418.0</controlfield>
  <controlfield tag="008">190624s2020    miu           000 0 eng  </controlfield>
  <datafield tag="906" ind1=" " ind2=" ">
    <subfield code="a">7</subfield>
    <subfield code="b">cbc</subfield>
    <subfield code="c">orignew</subfield>
    <subfield code="d">1</subfield>
    <subfield code="e">ecip</subfield>
    <subfield code="f">20</subfield>
    <subfield code="g">y-gencatlg</subfield>
  </datafield>
  <datafield tag="925" ind1="0" ind2=" ">
    <subfield code="a">acquire</subfield>
    <subfield code="b">1 shelf copy</subfield>
    <subfield code="x">policy default</subfield>
  </datafield>
  <datafield tag="955" ind1=" " ind2=" ">
    <subfield code="b">rk10 2019-06-24</subfield>
    <subfield code="c">rk10 2019-06-24 (telework) to subject</subfield>
    <subfield code="d">rm03 2019-07-22</subfield>
    <subfield code="e">rm04 2019-07-24 to Dewey</subfield>
    <subfield code="w">xk16 2019-07-31</subfield>
  </datafield>
  <datafield tag="010" ind1=" " ind2=" ">
    <subfield code="a">  2019026735</subfield>
  </datafield>
  <datafield tag="020" ind1=" " ind2=" ">
    <subfield code="a">9780801094088</subfield>
    <subfield code="q">(cloth)</subfield>
  </datafield>
  <datafield tag="040" ind1=" " ind2=" ">
    <subfield code="a">DLC</subfield>
    <subfield code="b">eng</subfield>
    <subfield code="e">rda</subfield>
    <subfield code="c">DLC</subfield>
    <subfield code="d">DLC</subfield>
  </datafield>
  <datafield tag="042" ind1=" " ind2=" ">
    <subfield code="a">pcc</subfield>
  </datafield>
  <datafield tag="050" ind1="0" ind2="0">
    <subfield code="a">PN4098</subfield>
    <subfield code="b">.B35 2020</subfield>
  </datafield>
  <datafield tag="082" ind1="0" ind2="0">
    <subfield code="a">808.5/1023</subfield>
    <subfield code="2">23</subfield>
  </datafield>
  <datafield tag="100" ind1="1" ind2=" ">
    <subfield code="a">Baldwin, Grant,</subfield>
    <subfield code="e">author.</subfield>
  </datafield>
  <datafield tag="245" ind1="1" ind2="4">
    <subfield code="a">The successful speaker :</subfield>
    <subfield code="b">five steps for booking gigs, getting paid, and building your platform /</subfield>
    <subfield code="c">Grant Baldwin, with Jeff Goins .</subfield>
  </datafield>
  <datafield tag="263" ind1=" " ind2=" ">
    <subfield code="a">2001</subfield>
  </datafield>
  <datafield tag="264" ind1=" " ind2="1">
    <subfield code="a">Grand Rapids :</subfield>
    <subfield code="b">Baker Books, a division of Baker Publishing Group,</subfield>
    <subfield code="c">2020.</subfield>
  </datafield>
  <datafield tag="300" ind1=" " ind2=" ">
    <subfield code="a">pages cm</subfield>
  </datafield>
  <datafield tag="336" ind1=" " ind2=" ">
    <subfield code="a">text</subfield>
    <subfield code="b">txt</subfield>
    <subfield code="2">rdacontent</subfield>
  </datafield>
  <datafield tag="337" ind1=" " ind2=" ">
    <subfield code="a">unmediated</subfield>
    <subfield code="b">n</subfield>
    <subfield code="2">rdamedia</subfield>
  </datafield>
  <datafield tag="338" ind1=" " ind2=" ">
    <subfield code="a">volume</subfield>
    <subfield code="b">nc</subfield>
    <subfield code="2">rdacarrier</subfield>
  </datafield>
  <datafield tag="520" ind1=" " ind2=" ">
    <subfield code="a">&quot;A podcaster and speaking expert and a bestselling author offer a step-by-step guide to find and book paid speaking engagements and share your message with the world, while building a successful speaking business and improving your technique&quot;--</subfield>
    <subfield code="c">Provided by publisher.</subfield>
  </datafield>
  <datafield tag="505" ind1="0" ind2=" ">
    <subfield code="a">How I Became a Speaker -- About This Book: What&apos;s in It and Who Is This Guy? -- The Speaker Success Road Map: Five Steps to Becoming a -- Successful Speaker -- Step 1 Select a Problem to Solve -- Choose an Industry -- Identify an Interest -- Speak with Integrity -- Step 2 Prepare and Deliver Your Talk -- How to Pick the Right Type of Talk -- How to Create a Great Talk -- What to Do before You Step on Stage -- How to Use Technology and Other Tools -- How to Deliver a Talk without Boring Your Audience to Tears -- What to Do after You&apos;re Done -- Step 3 Establish Your Expertise -- Developing a Speaker Brand -- Setting Up Your Website -- Getting a Great Demo Video -- Step 4 Acquire Paid Speaking Gigs -- Finding Paid Speaking Gigs -- Reaching Out to Potential Clients -- Closing the Deal -- Customer Service and Repeat Business -- Step 5 Know When to Scale -- The Income Pie -- Product Creation -- Selling from Stage.</subfield>
  </datafield>
  <datafield tag="650" ind1=" " ind2="0">
    <subfield code="a">Public speaking</subfield>
    <subfield code="x">Vocational guidance.</subfield>
  </datafield>
</record>