
<record>
  <leader>04298cam a2200517 i 4500</leader>
  <controlfield tag="001">21034967</controlfield>
  <controlfield tag="005">20200102133620.0</controlfield>
  <controlfield tag="008">190615s2019    ne ab    b    001 0 eng c</controlfield>
  <datafield tag="906" ind1=" " ind2=" ">
    <subfield code="a">7</subfield>
    <subfield code="b">cbc</subfield>
    <subfield code="c">orignew</subfield>
    <subfield code="d">1</subfield>
    <subfield code="e">ecip</subfield>
    <subfield code="f">20</subfield>
    <subfield code="g">y-gencatlg</subfield>
  </datafield>
  <datafield tag="925" ind1="0" ind2=" ">
    <subfield code="a">acquire</subfield>
    <subfield code="b">1 shelf copy</subfield>
    <subfield code="x">policy default</subfield>
  </datafield>
  <datafield tag="955" ind1=" " ind2=" ">
    <subfield code="b">rf06 2019-06-15</subfield>
    <subfield code="e">rf06 2019-06-27 (episodic telework) to Dewey</subfield>
    <subfield code="w">xm09 2019-06-28</subfield>
    <subfield code="a">xn11 2019-10-21 1 copy rec&apos;d., to CIP ver.</subfield>
    <subfield code="f">rf06 2019-11-02 to CALM</subfield>
    <subfield code="s">rf13 2020-01-02 c. 2 to Discard 00501727386</subfield>
  </datafield>
  <datafield tag="010" ind1=" " ind2=" ">
    <subfield code="a">  2019023889</subfield>
  </datafield>
  <datafield tag="020" ind1=" " ind2=" ">
    <subfield code="a">9789004361393</subfield>
    <subfield code="q">(hardback)</subfield>
  </datafield>
  <datafield tag="020" ind1=" " ind2=" ">
    <subfield code="z">9789004410657</subfield>
    <subfield code="q">(ebook)</subfield>
  </datafield>
  <datafield tag="040" ind1=" " ind2=" ">
    <subfield code="a">LBSOR/DLC</subfield>
    <subfield code="b">eng</subfield>
    <subfield code="c">DLC</subfield>
    <subfield code="e">rda</subfield>
    <subfield code="d">DLC</subfield>
  </datafield>
  <datafield tag="041" ind1="1" ind2=" ">
    <subfield code="a">eng</subfield>
    <subfield code="h">dut</subfield>
  </datafield>
  <datafield tag="042" ind1=" " ind2=" ">
    <subfield code="a">pcc</subfield>
  </datafield>
  <datafield tag="043" ind1=" " ind2=" ">
    <subfield code="a">e-ne---</subfield>
    <subfield code="a">e------</subfield>
  </datafield>
  <datafield tag="050" ind1="0" ind2="0">
    <subfield code="a">DE15.5.N4</subfield>
    <subfield code="b">E5413 2019</subfield>
  </datafield>
  <datafield tag="082" ind1="0" ind2="0">
    <subfield code="a">930</subfield>
    <subfield code="2">23</subfield>
  </datafield>
  <datafield tag="100" ind1="1" ind2=" ">
    <subfield code="a">Enenkel, K. A. E.,</subfield>
    <subfield code="e">author.</subfield>
  </datafield>
  <datafield tag="240" ind1="1" ind2="0">
    <subfield code="a">Oudheid als ambitie.</subfield>
    <subfield code="l">English</subfield>
  </datafield>
  <datafield tag="245" ind1="1" ind2="0">
    <subfield code="a">Ambitious antiquities, famous forebears :</subfield>
    <subfield code="b">constructions of a glorious past in the early modern Netherlands and in Europe /</subfield>
    <subfield code="c">Karl A.E. Enenkel, Konrad A. Ottenheym ; translated by Alexander C. Thomson.</subfield>
  </datafield>
  <datafield tag="264" ind1=" " ind2="1">
    <subfield code="a">Leiden ;</subfield>
    <subfield code="a">Boston :</subfield>
    <subfield code="b">Brill,</subfield>
    <subfield code="c">[2019]</subfield>
  </datafield>
  <datafield tag="300" ind1=" " ind2=" ">
    <subfield code="a">vi, 437 pages :</subfield>
    <subfield code="b">illustrations, map ;</subfield>
    <subfield code="c">25 cm.</subfield>
  </datafield>
  <datafield tag="336" ind1=" " ind2=" ">
    <subfield code="a">text</subfield>
    <subfield code="b">txt</subfield>
    <subfield code="2">rdacontent</subfield>
  </datafield>
  <datafield tag="337" ind1=" " ind2=" ">
    <subfield code="a">unmediated</subfield>
    <subfield code="b">n</subfield>
    <subfield code="2">rdamedia</subfield>
  </datafield>
  <datafield tag="338" ind1=" " ind2=" ">
    <subfield code="a">volume</subfield>
    <subfield code="b">nc</subfield>
    <subfield code="2">rdacarrier</subfield>
  </datafield>
  <datafield tag="490" ind1="0" ind2=" ">
    <subfield code="a">Brill&apos;s studies in intellectual history,</subfield>
    <subfield code="x">0920-8607 ;</subfield>
    <subfield code="v">volume 307</subfield>
  </datafield>
  <datafield tag="490" ind1="0" ind2=" ">
    <subfield code="a">Brill&apos;s studies on art, art history, and intellectual history ;</subfield>
    <subfield code="v">volume 41</subfield>
  </datafield>
  <datafield tag="500" ind1=" " ind2=" ">
    <subfield code="a">&quot;This volume is a revised and augmented translation of Oudheid als ambitie: De zoektocht naar een passend verleden, 1400-1700, published by Vantilt, Nijmegen (ISBN 9789460043253)&quot;--Title page verso.</subfield>
  </datafield>
  <datafield tag="504" ind1=" " ind2=" ">
    <subfield code="a">Includes bibliographical references (pages 393-429) and index.</subfield>
  </datafield>
  <datafield tag="505" ind1="0" ind2=" ">
    <subfield code="a">Antiquity, a source of power and prestige : the competition for antiquities in early modern Europe -- Supposed ancestors -- The origin legends of the European nations -- What is antiquity? The early modern chronology of history -- A malleable past : on &apos;proof&apos;, interpretations, errors and falsifications -- The Batavians as ancestors in early Dutch humanism : Erasmus, Aurelius and Geldenhouwer -- Attempts to find the origins of architecture in the northern Netherlands : on the Romans, Batavians and giants -- From chivalric family tree to &apos;national&apos; gallery : the portrait series of the counts of Holland, c. 1490-1650 -- Living as befits a knight : new castles in seventeenth-century Holland -- The mediaeval prestige of Dutch cities.</subfield>
  </datafield>
  <datafield tag="520" ind1=" " ind2=" ">
    <subfield code="a">&quot;This monograph studies the constructions of &apos;impressive&apos; historical descent manufactured to create &apos;national&apos;, regional, or local antiquities in early modern Europe (1500-1700), especially the Netherlands. This was a period characterised by important political changes and therefore by an increased need for legitimation; a need which was met using historical claims. Literature, scholarship, art and architecture were pivotal media that were used to furnish evidence of the impressively old lineage of states, regions or families. These claims related not only to Classical antiquity (in the generally-known sense) but also to other periods that were regarded as periods of antiquity, such as the chivalric age. The authors of this volume analyse these intriguing early modern constructions of appropriate &apos;antiquities&apos; and investigate the ways in which they were applied in political, intellectual and artistic contexts in Europe, especially in the Northern Low Countries&quot;--</subfield>
    <subfield code="c">Provided by publisher.</subfield>
  </datafield>
  <datafield tag="546" ind1=" " ind2=" ">
    <subfield code="a">In English, translated from the original Dutch.</subfield>
  </datafield>
  <datafield tag="650" ind1=" " ind2="0">
    <subfield code="a">Classical antiquities</subfield>
    <subfield code="x">Study and teaching</subfield>
    <subfield code="z">Netherlands.</subfield>
  </datafield>
  <datafield tag="650" ind1=" " ind2="0">
    <subfield code="a">Classical antiquities</subfield>
    <subfield code="x">Political aspects</subfield>
    <subfield code="z">Netherlands.</subfield>
  </datafield>
  <datafield tag="650" ind1=" " ind2="0">
    <subfield code="a">Classicists</subfield>
    <subfield code="x">Attitudes.</subfield>
  </datafield>
  <datafield tag="650" ind1=" " ind2="0">
    <subfield code="a">Arts, Classical</subfield>
    <subfield code="x">Influence.</subfield>
  </datafield>
  <datafield tag="650" ind1=" " ind2="0">
    <subfield code="a">Civilization, Modern</subfield>
    <subfield code="x">Classical influences.</subfield>
  </datafield>
  <datafield tag="650" ind1=" " ind2="0">
    <subfield code="a">Classical antiquities</subfield>
    <subfield code="x">Study and teaching</subfield>
    <subfield code="z">Europe.</subfield>
  </datafield>
  <datafield tag="650" ind1=" " ind2="0">
    <subfield code="a">Classical antiquities</subfield>
    <subfield code="x">Political aspects</subfield>
    <subfield code="z">Europe.</subfield>
  </datafield>
  <datafield tag="700" ind1="1" ind2=" ">
    <subfield code="a">Ottenheym, Koen,</subfield>
    <subfield code="e">author.</subfield>
  </datafield>
  <datafield tag="700" ind1="1" ind2=" ">
    <subfield code="a">Thomson, Alexander C.,</subfield>
    <subfield code="e">translator.</subfield>
  </datafield>
  <datafield tag="776" ind1="0" ind2="8">
    <subfield code="i">Online version:</subfield>
    <subfield code="a">Enenkel, K. A. E.</subfield>
    <subfield code="t">Ambitious antiquities, famous forebears</subfield>
    <subfield code="d">Leiden ; Boston : Brill, [2019]</subfield>
    <subfield code="z">9789004410657</subfield>
    <subfield code="w">(DLC)  2019023890</subfield>
  </datafield>
  <datafield tag="985" ind1=" " ind2=" ">
    <subfield code="a">LBSORCIP</subfield>
    <subfield code="d">2019-06-15</subfield>
  </datafield>
</record>