
<record>
  <leader>02974cam a2200421 i 4500</leader>
  <controlfield tag="001">21050727</controlfield>
  <controlfield tag="005">20200102164714.0</controlfield>
  <controlfield tag="008">190702s2019    ne       b    001 0 eng  </controlfield>
  <datafield tag="906" ind1=" " ind2=" ">
    <subfield code="a">7</subfield>
    <subfield code="b">cbc</subfield>
    <subfield code="c">orignew</subfield>
    <subfield code="d">1</subfield>
    <subfield code="e">ecip</subfield>
    <subfield code="f">20</subfield>
    <subfield code="g">y-gencatlg</subfield>
  </datafield>
  <datafield tag="925" ind1="0" ind2=" ">
    <subfield code="a">acquire</subfield>
    <subfield code="b">1 shelf copy</subfield>
    <subfield code="x">policy default</subfield>
  </datafield>
  <datafield tag="955" ind1=" " ind2=" ">
    <subfield code="b">rk11 2019-07-02</subfield>
    <subfield code="i">rk11 2019-07-02 to Dewey</subfield>
    <subfield code="w">xm07 2019-07-08</subfield>
    <subfield code="a">xn11 2019-10-10 1 copy rec&apos;d., to CIP ver.</subfield>
    <subfield code="a">rk20 2019-10-15 book received in ART</subfield>
    <subfield code="f">re24 2019-12-13 to CALM</subfield>
  </datafield>
  <datafield tag="010" ind1=" " ind2=" ">
    <subfield code="a">  2019023086</subfield>
  </datafield>
  <datafield tag="020" ind1=" " ind2=" ">
    <subfield code="a">9789004405332</subfield>
    <subfield code="q">(hardback)</subfield>
  </datafield>
  <datafield tag="020" ind1=" " ind2=" ">
    <subfield code="z">9789004407886</subfield>
    <subfield code="q">(ebook)</subfield>
  </datafield>
  <datafield tag="040" ind1=" " ind2=" ">
    <subfield code="a">DLC</subfield>
    <subfield code="b">eng</subfield>
    <subfield code="c">DLC</subfield>
    <subfield code="e">rda</subfield>
    <subfield code="d">DLC</subfield>
  </datafield>
  <datafield tag="041" ind1="1" ind2=" ">
    <subfield code="a">eng</subfield>
    <subfield code="a">chi</subfield>
    <subfield code="a">chi</subfield>
  </datafield>
  <datafield tag="042" ind1=" " ind2=" ">
    <subfield code="a">pcc</subfield>
  </datafield>
  <datafield tag="050" ind1="0" ind2="0">
    <subfield code="a">BQ4050</subfield>
    <subfield code="b">.K36 2019</subfield>
  </datafield>
  <datafield tag="066" ind1=" " ind2=" ">
    <subfield code="c">$1</subfield>
  </datafield>
  <datafield tag="082" ind1="0" ind2="0">
    <subfield code="a">294.3/359512</subfield>
    <subfield code="2">23</subfield>
  </datafield>
  <datafield tag="100" ind1="1" ind2=" ">
    <subfield code="a">Kaplan, Uri,</subfield>
    <subfield code="e">author.</subfield>
  </datafield>
  <datafield tag="245" ind1="1" ind2="0">
    <subfield code="a">Buddhist apologetics in East Asia :</subfield>
    <subfield code="b">countering the neo-Confucian critiques in the Hufa lun and the Yusŏk chirŭi non /</subfield>
    <subfield code="c">by Uri Kaplan.</subfield>
  </datafield>
  <datafield tag="264" ind1=" " ind2="1">
    <subfield code="a">Leiden ;</subfield>
    <subfield code="a">Boston :</subfield>
    <subfield code="b">Brill,</subfield>
    <subfield code="c">[2019]</subfield>
  </datafield>
  <datafield tag="300" ind1=" " ind2=" ">
    <subfield code="a">273 pages ;</subfield>
    <subfield code="c">25 cm.</subfield>
  </datafield>
  <datafield tag="336" ind1=" " ind2=" ">
    <subfield code="a">text</subfield>
    <subfield code="b">txt</subfield>
    <subfield code="2">rdacontent</subfield>
  </datafield>
  <datafield tag="337" ind1=" " ind2=" ">
    <subfield code="a">unmediated</subfield>
    <subfield code="b">n</subfield>
    <subfield code="2">rdamedia</subfield>
  </datafield>
  <datafield tag="338" ind1=" " ind2=" ">
    <subfield code="a">volume</subfield>
    <subfield code="b">nc</subfield>
    <subfield code="2">rdacarrier</subfield>
  </datafield>
  <datafield tag="490" ind1="0" ind2=" ">
    <subfield code="a">Numen book series,</subfield>
    <subfield code="x">0169-8834 ;</subfield>
    <subfield code="v">volume 163</subfield>
  </datafield>
  <datafield tag="546" ind1=" " ind2=" ">
    <subfield code="a">English and Chinese.</subfield>
  </datafield>
  <datafield tag="504" ind1=" " ind2=" ">
    <subfield code="a">Includes bibliographical references and index.</subfield>
  </datafield>
  <datafield tag="880" ind1="0" ind2=" ">
    <subfield code="6">505-00/$1</subfield>
    <subfield code="a">Introduction. Early Chinese Buddhist polemics -- The Neo-Confucian critique of Buddhism -- Buddhist responses to the Neo-Confucians -- Apologetic strategies and themes -- Translations. In defense of the dharma : annotated translation of Zhang Shangying&apos;s Hufa lun (護法論) -- Probing the doubts and concerns between Buddhism and Confucianism : annotated translation of the Yusŏk chirŭi non (儒釋質疑論)</subfield>
  </datafield>
  <datafield tag="880" ind1=" " ind2=" ">
    <subfield code="6">520-00/$1</subfield>
    <subfield code="a">&quot;While the Neo-Confucian critique of Buddhism is fairly well-known, little attention has been given to the Buddhist reactions to this harangue. The fact is, however, that over a dozen apologetic essays have been written by Buddhists in China, Korea, and Japan in response to the Neo-Confucians. Buddhist Apologetics in East Asia offers an introduction to this Buddhist literary genre. It centers on full translations of two dominant apologetic works-the Hufa lun (護法論), written by a Buddhist politician in twelfth-century China, and the Yusÿk chirŭi non (儒釋質疑論), authored by an anonymous monk in fifteenth-century Korea. Put together, these two texts demonstrate the wide variety of polemical strategies and the cross-national intertextuality of East Asian Buddhist apologetics&quot;--</subfield>
    <subfield code="c">Provided by publisher.</subfield>
  </datafield>
  <datafield tag="650" ind1=" " ind2="0">
    <subfield code="a">Buddhism</subfield>
    <subfield code="x">Apologetic works.</subfield>
  </datafield>
  <datafield tag="650" ind1=" " ind2="0">
    <subfield code="a">Buddhism</subfield>
    <subfield code="x">Relations</subfield>
    <subfield code="x">Neo-confucianism.</subfield>
  </datafield>
  <datafield tag="650" ind1=" " ind2="0">
    <subfield code="a">Neo-confucianism</subfield>
    <subfield code="x">Relations</subfield>
    <subfield code="x">Buddhism.</subfield>
  </datafield>
  <datafield tag="600" ind1="1" ind2="0">
    <subfield code="a">Zhang, Shangying,</subfield>
    <subfield code="d">1043-1121.</subfield>
    <subfield code="t">Hu fa lun.</subfield>
  </datafield>
  <datafield tag="600" ind1="0" ind2="0">
    <subfield code="a">Kihwa,</subfield>
    <subfield code="d">1376-1433.</subfield>
    <subfield code="t">Yusŏk chirŭiron.</subfield>
  </datafield>
  <datafield tag="776" ind1="0" ind2="8">
    <subfield code="i">Online version:</subfield>
    <subfield code="a">Kaplan, Uri,</subfield>
    <subfield code="t">Buddhist apologetics in east asia</subfield>
    <subfield code="d">Leiden ; Boston : Brill, 2019.</subfield>
    <subfield code="z">9789004407886</subfield>
    <subfield code="w">(DLC) 2019023087</subfield>
  </datafield>
</record>