
<record>
  <leader>02330cam a2200349 i 4500</leader>
  <controlfield tag="001">21051135</controlfield>
  <controlfield tag="005">20200102103312.0</controlfield>
  <controlfield tag="008">190702s2019    ncua          001 0 eng  </controlfield>
  <datafield tag="906" ind1=" " ind2=" ">
    <subfield code="a">7</subfield>
    <subfield code="b">cbc</subfield>
    <subfield code="c">orignew</subfield>
    <subfield code="d">1</subfield>
    <subfield code="e">ecip</subfield>
    <subfield code="f">20</subfield>
    <subfield code="g">y-gencatlg</subfield>
  </datafield>
  <datafield tag="925" ind1="0" ind2=" ">
    <subfield code="a">acquire</subfield>
    <subfield code="b">1 shelf copy</subfield>
    <subfield code="x">policy default</subfield>
  </datafield>
  <datafield tag="955" ind1=" " ind2=" ">
    <subfield code="b">xk16 2019-07-02</subfield>
    <subfield code="w">xk16 2019-07-02 to Dewey</subfield>
    <subfield code="w">xm07 2019-07-02</subfield>
    <subfield code="a">xn17 2019-10-08 1 copy rec&apos;d., to CIP ver.</subfield>
    <subfield code="f">xk25 2019-11-22 to BCCD</subfield>
  </datafield>
  <datafield tag="010" ind1=" " ind2=" ">
    <subfield code="a">  2019028382</subfield>
  </datafield>
  <datafield tag="020" ind1=" " ind2=" ">
    <subfield code="a">9781476675985</subfield>
    <subfield code="q">(softcover)</subfield>
  </datafield>
  <datafield tag="020" ind1=" " ind2=" ">
    <subfield code="z">9781476637044</subfield>
    <subfield code="q">(ebook)</subfield>
  </datafield>
  <datafield tag="040" ind1=" " ind2=" ">
    <subfield code="a">DLC</subfield>
    <subfield code="b">eng</subfield>
    <subfield code="c">DLC</subfield>
    <subfield code="e">rda</subfield>
    <subfield code="d">DLC</subfield>
  </datafield>
  <datafield tag="042" ind1=" " ind2=" ">
    <subfield code="a">pcc</subfield>
  </datafield>
  <datafield tag="050" ind1="0" ind2="0">
    <subfield code="a">PS374.A54</subfield>
    <subfield code="b">P38 2019</subfield>
  </datafield>
  <datafield tag="082" ind1="0" ind2="0">
    <subfield code="a">813/.009362</subfield>
    <subfield code="2">23</subfield>
  </datafield>
  <datafield tag="100" ind1="1" ind2=" ">
    <subfield code="a">Patten, Fred,</subfield>
    <subfield code="d">1940-</subfield>
    <subfield code="e">author.</subfield>
  </datafield>
  <datafield tag="245" ind1="1" ind2="0">
    <subfield code="a">Furry tales :</subfield>
    <subfield code="b">a review of essential anthropomorphic fiction /</subfield>
    <subfield code="c">Fred Patten ; foreword by Kyell Gold.</subfield>
  </datafield>
  <datafield tag="264" ind1=" " ind2="1">
    <subfield code="a">Jefferson, North Carolina :</subfield>
    <subfield code="b">McFarland &amp; Company, Inc., Publishers,</subfield>
    <subfield code="c">[2019]</subfield>
  </datafield>
  <datafield tag="300" ind1=" " ind2=" ">
    <subfield code="a">vii, 228 pages :</subfield>
    <subfield code="b">illustrations ;</subfield>
    <subfield code="c">26 cm</subfield>
  </datafield>
  <datafield tag="336" ind1=" " ind2=" ">
    <subfield code="a">text</subfield>
    <subfield code="b">txt</subfield>
    <subfield code="2">rdacontent</subfield>
  </datafield>
  <datafield tag="337" ind1=" " ind2=" ">
    <subfield code="a">unmediated</subfield>
    <subfield code="b">n</subfield>
    <subfield code="2">rdamedia</subfield>
  </datafield>
  <datafield tag="338" ind1=" " ind2=" ">
    <subfield code="a">volume</subfield>
    <subfield code="b">nc</subfield>
    <subfield code="2">rdacarrier</subfield>
  </datafield>
  <datafield tag="500" ind1=" " ind2=" ">
    <subfield code="a">Includes index.</subfield>
  </datafield>
  <datafield tag="520" ind1=" " ind2=" ">
    <subfield code="a">&quot;&quot;Tales featuring anthropomorphic animals have been around as long as there have been storytellers to spin them, from Aesop&apos;s Fables to Reynard the Fox to Alice in Wonderland. The genre really took off following the explosion of furry fandom in the 21st century, with talking animals featuring in everything from science fiction to fantasy to LGBTQ coming-out stories. In his lifetime, Fred Patten (1940-2018)-one of the founders of furry fandom and a scholar of anthropomorphic animal literature-authored hundreds of book reviews that comprise a comprehensive critical survey of the genre. This selected compilation provides an overview from 1784 through the 2010s, covering such popular novels as Watership Down and Redwall, along with forgotten gems like The Stray Lamb and Where the Blue Begins, and science fiction works like Sundiver and Decision at Doona.&quot;-Provided by publisher&quot;--</subfield>
    <subfield code="c">Provided by publisher.</subfield>
  </datafield>
  <datafield tag="650" ind1=" " ind2="0">
    <subfield code="a">Anthropomorphism in literature</subfield>
    <subfield code="v">Encyclopedias.</subfield>
  </datafield>
  <datafield tag="650" ind1=" " ind2="0">
    <subfield code="a">Animals in literature</subfield>
    <subfield code="v">Encyclopedias.</subfield>
  </datafield>
  <datafield tag="650" ind1=" " ind2="0">
    <subfield code="a">Furry fandom (Subculture)</subfield>
    <subfield code="v">Encyclopedias.</subfield>
  </datafield>
  <datafield tag="650" ind1=" " ind2="0">
    <subfield code="a">American fiction</subfield>
    <subfield code="y">20th century</subfield>
    <subfield code="x">History and criticism.</subfield>
  </datafield>
  <datafield tag="650" ind1=" " ind2="0">
    <subfield code="a">English fiction</subfield>
    <subfield code="y">20th century</subfield>
    <subfield code="x">History and criticism.</subfield>
  </datafield>
</record>