
<record>
  <leader>02665cam a2200385 i 4500</leader>
  <controlfield tag="001">21052426</controlfield>
  <controlfield tag="005">20200102061446.0</controlfield>
  <controlfield tag="008">190703s2019    ts       b    000 0 ara  </controlfield>
  <datafield tag="906" ind1=" " ind2=" ">
    <subfield code="a">7</subfield>
    <subfield code="b">cbc</subfield>
    <subfield code="c">origode</subfield>
    <subfield code="d">2</subfield>
    <subfield code="e">ncip</subfield>
    <subfield code="f">20</subfield>
    <subfield code="g">y-nonroman</subfield>
  </datafield>
  <datafield tag="925" ind1="0" ind2=" ">
    <subfield code="a">acquire</subfield>
    <subfield code="b">1 shelf copy</subfield>
    <subfield code="x">policy default</subfield>
  </datafield>
  <datafield tag="955" ind1=" " ind2=" ">
    <subfield code="b">we51 2019-07-05;</subfield>
    <subfield code="i">we52 2019-12-18 to LL</subfield>
  </datafield>
  <datafield tag="010" ind1=" " ind2=" ">
    <subfield code="a">  2019327962</subfield>
  </datafield>
  <datafield tag="020" ind1=" " ind2=" ">
    <subfield code="a">9786144522066</subfield>
  </datafield>
  <datafield tag="040" ind1=" " ind2=" ">
    <subfield code="a">DLC</subfield>
    <subfield code="b">eng</subfield>
    <subfield code="e">rda</subfield>
    <subfield code="c">DLC</subfield>
  </datafield>
  <datafield tag="042" ind1=" " ind2=" ">
    <subfield code="a">pcc</subfield>
    <subfield code="a">lcode</subfield>
  </datafield>
  <datafield tag="050" ind1="0" ind2="0">
    <subfield code="a">K579.A7</subfield>
    <subfield code="b">.Z34 2019</subfield>
  </datafield>
  <datafield tag="066" ind1=" " ind2=" ">
    <subfield code="c">(3</subfield>
  </datafield>
  <datafield tag="100" ind1="1" ind2=" ">
    <subfield code="6">880-01</subfield>
    <subfield code="a">Zahrah, Muḥammad al-Mursī,</subfield>
    <subfield code="e">author.</subfield>
  </datafield>
  <datafield tag="880" ind1="1" ind2=" ">
    <subfield code="6">100-01/(3/r‏</subfield>
    <subfield code="a">‏زهرة، محمد المرسي.</subfield>
  </datafield>
  <datafield tag="245" ind1="1" ind2="3">
    <subfield code="6">880-02</subfield>
    <subfield code="a">al-Injāb al-ṣināʻī :</subfield>
    <subfield code="b">aḥkāmahu al-qānūnīyah wa-ḥudūdahu al-sharʻīyah : dirāsah muqāranah /</subfield>
    <subfield code="c">al-Ustādh al-Duktūr Muḥammad al-Mursī Zahrah, mudīr barnamaj al-qānūn, Kullīyat al-Buraymī al-Jāmiʻiyah, ustādh al-qānūn al-madanī, Kullīyat al-Ḥuqūq, Jāmiʻat ʻAyn Shams, ʻamīd Kullīyat al-Qānūn, Jāmiʻat al-Imārāt al-ʻArabīyah al-Muttaḥidah sābaqan wa-muḥām ladá Maḥkamat al-Naqḍ wa-al-Idārīyah al-ʻUlyá.</subfield>
  </datafield>
  <datafield tag="880" ind1="1" ind2="2">
    <subfield code="6">245-02/(3/r‏</subfield>
    <subfield code="a">‏الإنجاب الصناعي :</subfield>
    <subfield code="b">احكامه القانونية وحدودة الشرعية :‏ ‏دراسة مقارنة /‏</subfield>
    <subfield code="c">‏الأستاذ الدكتور محمد المرسي زهرة، مدير برنامج القانون، كلية البريمي الجامعية، أستاذ القانون المدني، كلية الحقوق، جامعة عين شمس، عميد كلية القانون، جامعة الإمارات العربية المتحدة سابقا، محام لدى محكمة النقض والإدارية العليا.</subfield>
  </datafield>
  <datafield tag="250" ind1=" " ind2=" ">
    <subfield code="6">880-03</subfield>
    <subfield code="a">al-Ṭabʻah al-thālithah, munaqqaḥah wa-mazīdah.</subfield>
  </datafield>
  <datafield tag="880" ind1=" " ind2=" ">
    <subfield code="6">250-03/(3/r‏</subfield>
    <subfield code="a">‏الطبعة الثالثة، منقحة ومزيدة.</subfield>
  </datafield>
  <datafield tag="264" ind1=" " ind2="1">
    <subfield code="6">880-04</subfield>
    <subfield code="a">Dawlat al-Imārāt al-ʻArabīyah al-Muttaḥidah :</subfield>
    <subfield code="b">Dār al-Kitāb al-jāmiʻī,</subfield>
    <subfield code="c">2019.</subfield>
  </datafield>
  <datafield tag="880" ind1=" " ind2="1">
    <subfield code="6">264-04/(3/r‏</subfield>
    <subfield code="a">‏دولة الإمارات العربية المتحدة :‏</subfield>
    <subfield code="b">‏دار الكتاب الجامعي،‏</subfield>
    <subfield code="c">‏‪2019‬.</subfield>
  </datafield>
  <datafield tag="300" ind1=" " ind2=" ">
    <subfield code="a">465 pages ;</subfield>
    <subfield code="c">25 cm</subfield>
  </datafield>
  <datafield tag="336" ind1=" " ind2=" ">
    <subfield code="a">text</subfield>
    <subfield code="b">txt</subfield>
    <subfield code="2">rdacontent</subfield>
  </datafield>
  <datafield tag="337" ind1=" " ind2=" ">
    <subfield code="a">unmediated</subfield>
    <subfield code="b">n</subfield>
    <subfield code="2">rdamedia</subfield>
  </datafield>
  <datafield tag="338" ind1=" " ind2=" ">
    <subfield code="a">volume</subfield>
    <subfield code="b">nc</subfield>
    <subfield code="2">rdacarrier</subfield>
  </datafield>
  <datafield tag="504" ind1=" " ind2=" ">
    <subfield code="a">Includes bibliographical references (pages 459-465).</subfield>
  </datafield>
  <datafield tag="650" ind1=" " ind2="0">
    <subfield code="a">Artificial insemination, Human</subfield>
    <subfield code="x">Law and legislation.</subfield>
  </datafield>
  <datafield tag="650" ind1=" " ind2="0">
    <subfield code="a">Fertilization in vitro, Human</subfield>
    <subfield code="x">Law and legislation.</subfield>
  </datafield>
  <datafield tag="650" ind1=" " ind2="0">
    <subfield code="a">Artificial insemination, Human (Islamic law)</subfield>
  </datafield>
  <datafield tag="650" ind1=" " ind2="0">
    <subfield code="a">Fertilization in vitro, Human (Islamic law)</subfield>
  </datafield>
  <datafield tag="985" ind1=" " ind2=" ">
    <subfield code="e">ODE-ca</subfield>
  </datafield>
</record>