
<record>
  <leader>03368cam a22005175i 4500</leader>
  <controlfield tag="001">21052674</controlfield>
  <controlfield tag="005">20200102173036.0</controlfield>
  <controlfield tag="008">190703s2018    nju           000 0 heb d</controlfield>
  <datafield tag="906" ind1=" " ind2=" ">
    <subfield code="a">0</subfield>
    <subfield code="b">ibc</subfield>
    <subfield code="c">copycat</subfield>
    <subfield code="d">3</subfield>
    <subfield code="e">ncip</subfield>
    <subfield code="f">20</subfield>
    <subfield code="g">y-nonroman</subfield>
  </datafield>
  <datafield tag="925" ind1="0" ind2=" ">
    <subfield code="a">acquire</subfield>
    <subfield code="b">1 shelf copy</subfield>
    <subfield code="x">policy default</subfield>
  </datafield>
  <datafield tag="955" ind1=" " ind2=" ">
    <subfield code="b">cd04 2019-07-03 telework z-processor JACKPHY</subfield>
    <subfield code="a">cd00 2019-07-03 to ASME/IJ;</subfield>
    <subfield code="a">cd01 2019-12-26 to cd22 for full cat.;</subfield>
    <subfield code="i">cd22 2020-01-02 (QR2), to cd01</subfield>
  </datafield>
  <datafield tag="010" ind1=" " ind2=" ">
    <subfield code="a">  2019402277</subfield>
  </datafield>
  <datafield tag="035" ind1=" " ind2=" ">
    <subfield code="a">(OCoLC)on1100114385</subfield>
  </datafield>
  <datafield tag="040" ind1=" " ind2=" ">
    <subfield code="a">YYP</subfield>
    <subfield code="b">eng</subfield>
    <subfield code="c">YYP</subfield>
    <subfield code="e">rda</subfield>
    <subfield code="d">HLS</subfield>
    <subfield code="d">OCLCF</subfield>
    <subfield code="d">OCLCO</subfield>
    <subfield code="d">DLC</subfield>
  </datafield>
  <datafield tag="042" ind1=" " ind2=" ">
    <subfield code="a">lccopycat</subfield>
  </datafield>
  <datafield tag="050" ind1="0" ind2="0">
    <subfield code="a">BM506.P83</subfield>
    <subfield code="b">B476 2018</subfield>
  </datafield>
  <datafield tag="100" ind1="1" ind2=" ">
    <subfield code="6">880-01</subfield>
    <subfield code="a">Berney, Dovid,</subfield>
    <subfield code="e">author.</subfield>
  </datafield>
  <datafield tag="880" ind1="1" ind2=" ">
    <subfield code="6">100-01//r</subfield>
    <subfield code="a">ברנאי, דוד יהודה,</subfield>
    <subfield code="c">הלוי.</subfield>
  </datafield>
  <datafield tag="240" ind1="1" ind2="0">
    <subfield code="a">Tamid li-Yehudah (Pesaḥim)</subfield>
  </datafield>
  <datafield tag="245" ind1="1" ind2="0">
    <subfield code="6">880-03</subfield>
    <subfield code="a">Sefer Tamid li-Yehudah :</subfield>
    <subfield code="b">heʻarot ṿe-heʼarot she-nitḥadshu be-meshekh shanim she-lamadeti Masekhet Pesaḥim ; ṿe-od nilṿeh elaṿ ḳunṭres be-ʻinyan mitsṿot tserikhot kaṿanah ha-nidpas kan me-ḥadash, me-et ha-Rav Mordekhai ben ha-Rav Yonah Navon, zatsal, ʻim nofaḥ me-sheli kamah heʻarot beha-ʻinyan /</subfield>
    <subfield code="c">mimeni be-s. d. Daṿid Yehudah ha-Leṿi Barnaʼi ben R. Natan Gavriʼel ha-Leṿi, sheliṭa.</subfield>
  </datafield>
  <datafield tag="880" ind1="1" ind2="0">
    <subfield code="6">245-03//r</subfield>
    <subfield code="a">ספר תמיד ליהודה :</subfield>
    <subfield code="b">הערות והארות שנתחדשו במשך כמה שנים שלמדתי מסכת פסחים ; ועוד נלוה אליו קונטרס בענין מצות צריכות כונה הנדפס כאן מחדש, מאת הרב מרדכי בן הרב יונה נבון, זצ&quot;ל, עם נופח משלי כמה הערות בהענין /</subfield>
    <subfield code="c">ממני בס&quot;ד דוד יהודה הלוי ברנאי בן ר&apos; נתן גבריאל הלוי, שליט&quot;א.</subfield>
  </datafield>
  <datafield tag="246" ind1="1" ind2="4">
    <subfield code="6">880-04</subfield>
    <subfield code="a">Tamid li-Yehudah :</subfield>
    <subfield code="b">ʻal Masekhet Pesaḥim</subfield>
  </datafield>
  <datafield tag="880" ind1="1" ind2="4">
    <subfield code="6">246-04//r</subfield>
    <subfield code="a">תמיד ליהודה :</subfield>
    <subfield code="b">על מסכת פסחים</subfield>
  </datafield>
  <datafield tag="264" ind1=" " ind2="1">
    <subfield code="6">880-05</subfield>
    <subfield code="a">[Lakewood, NJ] :</subfield>
    <subfield code="b">Mekhon sofrim,</subfield>
    <subfield code="c">778 [2018]</subfield>
  </datafield>
  <datafield tag="880" ind1=" " ind2="1">
    <subfield code="6">264-05//r</subfield>
    <subfield code="a">[Lakewood, NJ] :</subfield>
    <subfield code="b">מכון סופרים,</subfield>
    <subfield code="c">תשע&quot;ח [2018]</subfield>
  </datafield>
  <datafield tag="264" ind1=" " ind2="1">
    <subfield code="a">Lakewood, NJ :</subfield>
    <subfield code="b">Dovid Berney,</subfield>
  </datafield>
  <datafield tag="300" ind1=" " ind2=" ">
    <subfield code="a">4, 215 pages ;</subfield>
    <subfield code="c">25 cm</subfield>
  </datafield>
  <datafield tag="336" ind1=" " ind2=" ">
    <subfield code="a">text</subfield>
    <subfield code="b">txt</subfield>
    <subfield code="2">rdacontent</subfield>
  </datafield>
  <datafield tag="337" ind1=" " ind2=" ">
    <subfield code="a">unmediated</subfield>
    <subfield code="b">n</subfield>
    <subfield code="2">rdamedia</subfield>
  </datafield>
  <datafield tag="338" ind1=" " ind2=" ">
    <subfield code="a">volume</subfield>
    <subfield code="b">nc</subfield>
    <subfield code="2">rdacarrier</subfield>
  </datafield>
  <datafield tag="500" ind1=" " ind2=" ">
    <subfield code="a">The Ḳunṭres be-ʻinyan mitsṿot tserikhot kaṿanah originally published at the end of the book Geṭ meḳushar by Rabi Yonah Navon, in Livorno, 624 [1763 or 1774].</subfield>
  </datafield>
  <datafield tag="630" ind1="0" ind2="0">
    <subfield code="a">Talmud.</subfield>
    <subfield code="p">Pesaḥim</subfield>
    <subfield code="x">Criticism, interpretation, etc.</subfield>
  </datafield>
  <datafield tag="650" ind1=" " ind2="0">
    <subfield code="a">Commandments (Judaism)</subfield>
  </datafield>
  <datafield tag="650" ind1=" " ind2="0">
    <subfield code="a">Intention</subfield>
    <subfield code="x">Religious aspects</subfield>
    <subfield code="x">Judaism.</subfield>
  </datafield>
  <datafield tag="630" ind1="0" ind2="7">
    <subfield code="a">Talmud.</subfield>
    <subfield code="p">Pesaḥim.</subfield>
    <subfield code="2">fast</subfield>
    <subfield code="0">(OCoLC)fst01364280</subfield>
  </datafield>
  <datafield tag="650" ind1=" " ind2="7">
    <subfield code="a">Commandments (Judaism)</subfield>
    <subfield code="2">fast</subfield>
    <subfield code="0">(OCoLC)fst00869230</subfield>
  </datafield>
  <datafield tag="650" ind1=" " ind2="7">
    <subfield code="a">Intention</subfield>
    <subfield code="x">Religious aspects</subfield>
    <subfield code="x">Judaism.</subfield>
    <subfield code="2">fast</subfield>
    <subfield code="0">(OCoLC)fst00975957</subfield>
  </datafield>
  <datafield tag="655" ind1=" " ind2="7">
    <subfield code="a">Criticism, interpretation, etc.</subfield>
    <subfield code="2">fast</subfield>
    <subfield code="0">(OCoLC)fst01411635</subfield>
  </datafield>
  <datafield tag="700" ind1="1" ind2=" ">
    <subfield code="6">880-06</subfield>
    <subfield code="a">Navon, Mordekhai ben Yonah,</subfield>
    <subfield code="e">author of added work.</subfield>
  </datafield>
  <datafield tag="880" ind1="1" ind2=" ">
    <subfield code="6">700-06//r</subfield>
    <subfield code="a">נבון, מרדכי בן יונה.</subfield>
  </datafield>
  <datafield tag="710" ind1="2" ind2=" ">
    <subfield code="6">880-07</subfield>
    <subfield code="a">Mekhon sofrim,</subfield>
    <subfield code="e">issuing body.</subfield>
  </datafield>
  <datafield tag="880" ind1="2" ind2=" ">
    <subfield code="6">710-07//r</subfield>
    <subfield code="a">מכון סופרים.</subfield>
  </datafield>
  <datafield tag="740" ind1="0" ind2="2">
    <subfield code="6">880-08</subfield>
    <subfield code="a">Ḳunṭres be-ʻinyan mitsṿot tserikhot kaṿanah.</subfield>
  </datafield>
  <datafield tag="880" ind1="0" ind2="2">
    <subfield code="6">740-08//r</subfield>
    <subfield code="a">קונטרס בענין מצות צריכות כונה.</subfield>
  </datafield>
  <datafield tag="740" ind1="0" ind2="2">
    <subfield code="6">880-09</subfield>
    <subfield code="a">Be-ʻinyan mitsṿot tserikhot kaṿanah.</subfield>
  </datafield>
  <datafield tag="880" ind1="0" ind2="2">
    <subfield code="6">740-09//r</subfield>
    <subfield code="a">בענין מצות צריכות כונה.</subfield>
  </datafield>
</record>