
<record>
  <leader>03107cam a2200373 i 4500</leader>
  <controlfield tag="001">21058747</controlfield>
  <controlfield tag="005">20200102172135.0</controlfield>
  <controlfield tag="008">190708s2020    inu      b    001 0 eng  </controlfield>
  <datafield tag="906" ind1=" " ind2=" ">
    <subfield code="a">7</subfield>
    <subfield code="b">cbc</subfield>
    <subfield code="c">orignew</subfield>
    <subfield code="d">1</subfield>
    <subfield code="e">ecip</subfield>
    <subfield code="f">20</subfield>
    <subfield code="g">y-gencatlg</subfield>
  </datafield>
  <datafield tag="925" ind1="0" ind2=" ">
    <subfield code="a">acquire</subfield>
    <subfield code="b">1 shelf copy</subfield>
    <subfield code="x">policy default</subfield>
  </datafield>
  <datafield tag="955" ind1=" " ind2=" ">
    <subfield code="b">rk10 2019-07-08</subfield>
    <subfield code="c">rk10 2019-07-08 (telework) to subject</subfield>
    <subfield code="d">re23 2019-08-23</subfield>
    <subfield code="e">re23 2019-08-23 to Dewey</subfield>
    <subfield code="w">re09 2019-08-28 to CIP</subfield>
    <subfield code="a">xn11 2019-11-26 1 copy rec&apos;d., to CIP ver.</subfield>
    <subfield code="f">re24 2019-12-05 to CALM</subfield>
  </datafield>
  <datafield tag="010" ind1=" " ind2=" ">
    <subfield code="a">  2019023455</subfield>
  </datafield>
  <datafield tag="020" ind1=" " ind2=" ">
    <subfield code="a">9781947604759</subfield>
    <subfield code="q">(paperback)</subfield>
  </datafield>
  <datafield tag="020" ind1=" " ind2=" ">
    <subfield code="z">9781947604766</subfield>
    <subfield code="q">(ebook)</subfield>
  </datafield>
  <datafield tag="040" ind1=" " ind2=" ">
    <subfield code="a">DLC</subfield>
    <subfield code="b">eng</subfield>
    <subfield code="c">DLC</subfield>
    <subfield code="e">rda</subfield>
    <subfield code="d">DLC</subfield>
  </datafield>
  <datafield tag="042" ind1=" " ind2=" ">
    <subfield code="a">pcc</subfield>
  </datafield>
  <datafield tag="043" ind1=" " ind2=" ">
    <subfield code="a">n-us---</subfield>
  </datafield>
  <datafield tag="050" ind1="0" ind2="0">
    <subfield code="a">LB2833.2</subfield>
    <subfield code="b">.N63 2020</subfield>
  </datafield>
  <datafield tag="082" ind1="0" ind2="0">
    <subfield code="a">371.1001/9</subfield>
    <subfield code="2">23</subfield>
  </datafield>
  <datafield tag="100" ind1="1" ind2=" ">
    <subfield code="a">Noble, Robin,</subfield>
    <subfield code="d">1963-</subfield>
    <subfield code="e">author.</subfield>
  </datafield>
  <datafield tag="245" ind1="1" ind2="0">
    <subfield code="a">Finding fulfillment :</subfield>
    <subfield code="b">a path to reclaiming hope and empowerment for educators /</subfield>
    <subfield code="c">Robin Noble ; foreword by Sharon V. Kramer.</subfield>
  </datafield>
  <datafield tag="264" ind1=" " ind2="1">
    <subfield code="a">Bloomington, IN :</subfield>
    <subfield code="b">Solution Tree Press,</subfield>
    <subfield code="c">[2020]</subfield>
  </datafield>
  <datafield tag="300" ind1=" " ind2=" ">
    <subfield code="a">xii, 129 pages ;</subfield>
    <subfield code="c">26 cm</subfield>
  </datafield>
  <datafield tag="336" ind1=" " ind2=" ">
    <subfield code="a">text</subfield>
    <subfield code="b">txt</subfield>
    <subfield code="2">rdacontent</subfield>
  </datafield>
  <datafield tag="337" ind1=" " ind2=" ">
    <subfield code="a">unmediated</subfield>
    <subfield code="b">n</subfield>
    <subfield code="2">rdamedia</subfield>
  </datafield>
  <datafield tag="338" ind1=" " ind2=" ">
    <subfield code="a">volume</subfield>
    <subfield code="b">nc</subfield>
    <subfield code="2">rdacarrier</subfield>
  </datafield>
  <datafield tag="504" ind1=" " ind2=" ">
    <subfield code="a">Includes bibliographical references (pages 119-124) and index.</subfield>
  </datafield>
  <datafield tag="505" ind1="0" ind2=" ">
    <subfield code="a">The Internal Culture of the Educator --  Self-Determination Theory --  Autonomy -- Competence --  Relatedness -- Finding Your Voice.</subfield>
  </datafield>
  <datafield tag="520" ind1=" " ind2=" ">
    <subfield code="a">&quot;In Finding Fulfillment: A Path to Reclaiming Hope and Empowerment for Educators, author Robin Noble addresses the rising crisis of teacher demoralization in American schools and provides a comprehensive guide toward improvement. The author explores the widespread feeling of a lack of fulfillment many educators develop and acknowledges the record number of teachers leaving the profession as a result. With this as her starting point, Noble identifies for readers a system of three innate needs that, when met, produce a sense of fulfillment. As readers progress through this book, they will develop a deep understanding of (1) autonomy, (2) competency, and (3) relatedness and the research that supports these three concepts as innate needs. Furthermore, readers will discover a path toward meeting those needs through concrete, implementable strategies. Noble also clearly delineates how implementing the Professional Learning Communities at Work (PLC) model of cultural and structural reform provides verifiable answers for meeting the three critical needs and restoring educators&apos; belief in their ability to effect change in their schools and districts. Through this book, readers will find the theory and strategies they require to meet their innate needs and discover (or rediscover) teaching as a source of fulfillment&quot;--</subfield>
    <subfield code="c">Provided by publisher.</subfield>
  </datafield>
  <datafield tag="650" ind1=" " ind2="0">
    <subfield code="a">Teacher morale</subfield>
    <subfield code="z">United States.</subfield>
  </datafield>
  <datafield tag="650" ind1=" " ind2="0">
    <subfield code="a">Teachers</subfield>
    <subfield code="x">Job satisfaction</subfield>
    <subfield code="z">United States.</subfield>
  </datafield>
  <datafield tag="650" ind1=" " ind2="0">
    <subfield code="a">Teachers</subfield>
    <subfield code="x">Professional relationships</subfield>
    <subfield code="z">United States.</subfield>
  </datafield>
  <datafield tag="650" ind1=" " ind2="0">
    <subfield code="a">Professional learning communities</subfield>
    <subfield code="z">United States.</subfield>
  </datafield>
  <datafield tag="776" ind1="0" ind2="8">
    <subfield code="i">Online version:</subfield>
    <subfield code="a">Noble, Robin, 1963-</subfield>
    <subfield code="t">Finding fulfillment</subfield>
    <subfield code="d">Bloomington : Solution Tree Press, 2019.</subfield>
    <subfield code="z">9781947604766</subfield>
    <subfield code="w">(DLC) 2019023456</subfield>
  </datafield>
</record>