
<record>
  <leader>04578cam a22003734i 4500</leader>
  <controlfield tag="001">21065333</controlfield>
  <controlfield tag="005">20200102164048.0</controlfield>
  <controlfield tag="008">190709s2019    nyua     b    001 0 eng  </controlfield>
  <datafield tag="906" ind1=" " ind2=" ">
    <subfield code="a">7</subfield>
    <subfield code="b">cbc</subfield>
    <subfield code="c">orignew</subfield>
    <subfield code="d">1</subfield>
    <subfield code="e">ecip</subfield>
    <subfield code="f">20</subfield>
    <subfield code="g">y-gencatlg</subfield>
  </datafield>
  <datafield tag="925" ind1="0" ind2=" ">
    <subfield code="a">acquire</subfield>
    <subfield code="b">1 shelf copy</subfield>
    <subfield code="x">policy default</subfield>
  </datafield>
  <datafield tag="955" ind1=" " ind2=" ">
    <subfield code="b">rk10 2019-07-09</subfield>
    <subfield code="c">rk10 2019-07-09 (telework) to subject</subfield>
    <subfield code="d">re23 2019-08-29 (telework)</subfield>
    <subfield code="e">re23 2019-08-29 (telework) to Dewey</subfield>
    <subfield code="w">xb07 2019-09-11</subfield>
    <subfield code="a">xn11 2019-10-22 1 copy rec&apos;d., to CIP ver.</subfield>
    <subfield code="f">re06 2020-01-02 (telework) to Calm</subfield>
  </datafield>
  <datafield tag="010" ind1=" " ind2=" ">
    <subfield code="a">  2019028708</subfield>
  </datafield>
  <datafield tag="020" ind1=" " ind2=" ">
    <subfield code="a">9781789203318</subfield>
    <subfield code="q">(hardback)</subfield>
  </datafield>
  <datafield tag="020" ind1=" " ind2=" ">
    <subfield code="z">9781789203325</subfield>
    <subfield code="q">(ebook)</subfield>
  </datafield>
  <datafield tag="040" ind1=" " ind2=" ">
    <subfield code="a">DLC</subfield>
    <subfield code="b">eng</subfield>
    <subfield code="c">DLC</subfield>
    <subfield code="e">rda</subfield>
    <subfield code="d">DLC</subfield>
  </datafield>
  <datafield tag="042" ind1=" " ind2=" ">
    <subfield code="a">pcc</subfield>
  </datafield>
  <datafield tag="050" ind1="0" ind2="0">
    <subfield code="a">GN406</subfield>
    <subfield code="b">.R44 2019</subfield>
  </datafield>
  <datafield tag="082" ind1="0" ind2="0">
    <subfield code="a">306</subfield>
    <subfield code="2">23</subfield>
  </datafield>
  <datafield tag="245" ind1="0" ind2="0">
    <subfield code="a">Repair, brokenness, breakthrough :</subfield>
    <subfield code="b">ethnographic responses /</subfield>
    <subfield code="c">edited by Francisco Martínez and Patrick Laviolette.</subfield>
  </datafield>
  <datafield tag="264" ind1=" " ind2="1">
    <subfield code="a">New York :</subfield>
    <subfield code="b">Berghahn Books,</subfield>
    <subfield code="c">2019.</subfield>
  </datafield>
  <datafield tag="300" ind1=" " ind2=" ">
    <subfield code="a">xi, 327 pages :</subfield>
    <subfield code="b">illustrations;</subfield>
    <subfield code="c">24 cm</subfield>
  </datafield>
  <datafield tag="336" ind1=" " ind2=" ">
    <subfield code="a">text</subfield>
    <subfield code="b">txt</subfield>
    <subfield code="2">rdacontent</subfield>
  </datafield>
  <datafield tag="337" ind1=" " ind2=" ">
    <subfield code="a">unmediated</subfield>
    <subfield code="b">n</subfield>
    <subfield code="2">rdamedia</subfield>
  </datafield>
  <datafield tag="338" ind1=" " ind2=" ">
    <subfield code="a">volume</subfield>
    <subfield code="b">nc</subfield>
    <subfield code="2">rdacarrier</subfield>
  </datafield>
  <datafield tag="490" ind1="0" ind2=" ">
    <subfield code="a">Politics of repair ;</subfield>
    <subfield code="v">Volume 1</subfield>
  </datafield>
  <datafield tag="504" ind1=" " ind2=" ">
    <subfield code="a">Includes bibliographical references and index.</subfield>
  </datafield>
  <datafield tag="505" ind1="0" ind2=" ">
    <subfield code="a">Introduction : insiders&apos; manual to breakdown / Francisco Martínez -- Head, heart, hand : on contradiction, contingency and repair / Caitlin DeSilvey -- Underwater, still life : multi-species engagements with the art abject of a wasted American warship / Joshua O. Reno -- Beyond the sparkle zones / Kathleen Stewart -- &apos;Till death do us part&apos; : the making of home through holding onto objects / Tomás Errázuriz -- &apos;The lady is not here&apos; : repairing Tita Meme as a telecare user / Tomás Sánchez Criado -- In the house of un-things : decay and deferral in a vacated Bulgarian home / Martin Demant Frederiksen -- Undisciplined  surfaces / Mateusz Laszczkowski -- A ride on the elevator : infrastructures of brokenness and repair in Georgia / Tamta Khalvashi -- Don&apos;t fix the puddle : a puddle archive as ethnographic account of sidewalk assemblages / Mirja Busch and Ignacio Farías -- What is in a hole? : voids out of place and politics below the state in Georgia / Francisco Martínez -- Maintaining whose road? / Agnieszka Joniak-Lüthi -- Dirtscapes : contest over value, garbage and belonging in Istanbul / Aylin Yildirim Tschoepe -- Repairing  Russia / Michał Murawski -- Village vintage in southern Norway : revitalisation and vernacular entrepreneurship in culture heritage tourism / Sarah Holst Kjaer -- A story of time keepers / Jérôme Denis and David Pontille -- Keeping them &apos;Swiss&apos; : the transfer and appropriation of techniques for luxury watch repair in Hong Kong / Hervé Munz -- Lost battles of de-bobbling / Magdalena Crăciun -- Small mutinies in the comfortable slot : the new environmentalism as repair / Eeva Berglund -- Why stories about broken down snowmobiles can teach you a lot about life in the Arctic tundra / Aimar Ventsel -- The imperative of repair : fixing bikes, for free / Simon Batterbury and Tim Dant -- Repair and responsibility : the art of Doris Salcedo / Siobhan Kattago -- Social repair and (re)creation : broken relationships and a path forward for Austrian Holocaust survivors / Katja Seidel -- Living  switches / Wladimir Sgibnev -- Brokenness and normality in design culture / Adam Drazin -- And then you see yourself disappear / Jason Pine -- Epilogue : this mess we&apos;re in, or part of / Patrick Laviolette.</subfield>
  </datafield>
  <datafield tag="520" ind1=" " ind2=" ">
    <subfield code="a">&quot;What does it mean to claim that something is broken? What is the connection between tinkering and innovation? And how much tolerance for failure do our societies have? Exploring some of the ways in which repair practices and perceptions of brokenness vary culturally, Repair, Brokenness, Breakthrough argues that repair is an attempt to extend the life of things as well as an answer to failures, gaps, wrongdoings and leftovers. The set of contributions illustrates the strong affective power hidden in situations of disrepair and repair; broken objects often bring strong emotions into play, but also energising reactions of creative action&quot;--</subfield>
    <subfield code="c">Provided by publisher.</subfield>
  </datafield>
  <datafield tag="650" ind1=" " ind2="0">
    <subfield code="a">Material culture</subfield>
    <subfield code="v">Cross-cultural studies.</subfield>
  </datafield>
  <datafield tag="650" ind1=" " ind2="0">
    <subfield code="a">Repairing</subfield>
    <subfield code="x">Social aspects</subfield>
    <subfield code="v">Cross-cultural studies.</subfield>
  </datafield>
  <datafield tag="650" ind1=" " ind2="0">
    <subfield code="a">Applied anthropology</subfield>
    <subfield code="v">Cross-cultural studies.</subfield>
  </datafield>
  <datafield tag="700" ind1="1" ind2=" ">
    <subfield code="a">Martínez, Francisco,</subfield>
    <subfield code="d">1982-</subfield>
    <subfield code="e">editor.</subfield>
  </datafield>
  <datafield tag="700" ind1="1" ind2=" ">
    <subfield code="a">Laviolette, Patrick,</subfield>
    <subfield code="e">editor.</subfield>
  </datafield>
  <datafield tag="776" ind1="0" ind2="8">
    <subfield code="i">Online version:</subfield>
    <subfield code="t">Repair, brokenness, breakthrough</subfield>
    <subfield code="b">First edition.</subfield>
    <subfield code="d">New York : Berghahn Books, 2019.</subfield>
    <subfield code="z">9781789203325</subfield>
    <subfield code="w">(DLC) 2019028709</subfield>
  </datafield>
</record>