
<record>
  <leader>02312cam a2200325 i 4500</leader>
  <controlfield tag="001">21074780</controlfield>
  <controlfield tag="005">20200102124121.0</controlfield>
  <controlfield tag="008">190712s2018    coua          001 0 eng  </controlfield>
  <datafield tag="906" ind1=" " ind2=" ">
    <subfield code="a">7</subfield>
    <subfield code="b">cbc</subfield>
    <subfield code="c">orignew</subfield>
    <subfield code="d">1</subfield>
    <subfield code="e">ecip</subfield>
    <subfield code="f">20</subfield>
    <subfield code="g">y-gencatlg</subfield>
  </datafield>
  <datafield tag="925" ind1="0" ind2=" ">
    <subfield code="a">acquire</subfield>
    <subfield code="b">2 shelf copies</subfield>
    <subfield code="x">policy default (ex.)</subfield>
  </datafield>
  <datafield tag="955" ind1=" " ind2=" ">
    <subfield code="b">rm15 2019-07-12</subfield>
    <subfield code="i">rm15 2019-07-12 (telework) to Dewey</subfield>
    <subfield code="w">xm06 2019-07-12</subfield>
    <subfield code="a">xn11 2019-12-09 1 copy rec&apos;d., to CIP ver.</subfield>
    <subfield code="f">rm16 2020-01-0 2 to BCCD</subfield>
  </datafield>
  <datafield tag="010" ind1=" " ind2=" ">
    <subfield code="a">  2019028683</subfield>
  </datafield>
  <datafield tag="020" ind1=" " ind2=" ">
    <subfield code="a">9781938469527</subfield>
    <subfield code="q">(paperback)</subfield>
  </datafield>
  <datafield tag="020" ind1=" " ind2=" ">
    <subfield code="z">9781938469534</subfield>
    <subfield code="q">(ebook)</subfield>
  </datafield>
  <datafield tag="040" ind1=" " ind2=" ">
    <subfield code="a">DLC</subfield>
    <subfield code="b">eng</subfield>
    <subfield code="c">DLC</subfield>
    <subfield code="e">rda</subfield>
    <subfield code="d">DLC</subfield>
  </datafield>
  <datafield tag="042" ind1=" " ind2=" ">
    <subfield code="a">pcc</subfield>
  </datafield>
  <datafield tag="050" ind1="0" ind2="0">
    <subfield code="a">HF5686.B5</subfield>
    <subfield code="b">P43 2018</subfield>
  </datafield>
  <datafield tag="082" ind1="0" ind2="0">
    <subfield code="a">663/.420681</subfield>
    <subfield code="2">23</subfield>
  </datafield>
  <datafield tag="100" ind1="1" ind2=" ">
    <subfield code="a">Pearman, Maria,</subfield>
    <subfield code="d">1979-</subfield>
    <subfield code="e">author.</subfield>
  </datafield>
  <datafield tag="245" ind1="1" ind2="0">
    <subfield code="a">Small brewery finance :</subfield>
    <subfield code="b">accounting principles &amp; planning for the craft brewer /</subfield>
    <subfield code="c">by Maria Pearman, CPA.</subfield>
  </datafield>
  <datafield tag="264" ind1=" " ind2="1">
    <subfield code="a">Boulder, Colorado :</subfield>
    <subfield code="b">Brewers Publications,</subfield>
    <subfield code="c">[2018]</subfield>
  </datafield>
  <datafield tag="300" ind1=" " ind2=" ">
    <subfield code="a">203 pages :</subfield>
    <subfield code="b">illustrations ;</subfield>
    <subfield code="c">28 cm</subfield>
  </datafield>
  <datafield tag="336" ind1=" " ind2=" ">
    <subfield code="a">text</subfield>
    <subfield code="b">txt</subfield>
    <subfield code="2">rdacontent</subfield>
  </datafield>
  <datafield tag="337" ind1=" " ind2=" ">
    <subfield code="a">unmediated</subfield>
    <subfield code="b">n</subfield>
    <subfield code="2">rdamedia</subfield>
  </datafield>
  <datafield tag="338" ind1=" " ind2=" ">
    <subfield code="a">volume</subfield>
    <subfield code="b">nc</subfield>
    <subfield code="2">rdacarrier</subfield>
  </datafield>
  <datafield tag="500" ind1=" " ind2=" ">
    <subfield code="a">Includes index.</subfield>
  </datafield>
  <datafield tag="520" ind1=" " ind2=" ">
    <subfield code="a">&quot;Your brewery is much more than just a small business-it&apos;s the fulfillment of your dream to share a love for quality craft beer and beverages. Build success from start-up to expansion with a solid foundation of finance principles geared specifically toward small beverage producers. Learn how to build and interpret financial reports and create basic pro-forma financial statements for launching a brewery, purchasing additional equipment, or determining a new location. Explore the various business models available to you as a craft brewery. Discover pricing models that maximize your profits. Learn how to build a budget and how to use it to hold staff accountable. This book is written to teach complex topics in simple terms. Written in an accessible style, it will help brewery owners and their staff understand the importance of a strong financial foundation. The insights and results-oriented content will help you run a more successful brewery&quot;--</subfield>
    <subfield code="c">Provided by publisher.</subfield>
  </datafield>
  <datafield tag="650" ind1=" " ind2="0">
    <subfield code="a">Breweries</subfield>
    <subfield code="x">Accounting.</subfield>
  </datafield>
  <datafield tag="650" ind1=" " ind2="0">
    <subfield code="a">Breweries</subfield>
    <subfield code="x">Finance.</subfield>
  </datafield>
  <datafield tag="776" ind1="0" ind2="8">
    <subfield code="i">Online version:</subfield>
    <subfield code="a">Pearman, Maria, 1979-</subfield>
    <subfield code="t">Small brewery finance</subfield>
    <subfield code="d">Boulder, Colorado : Brewers Publications, [2018]</subfield>
    <subfield code="z">9781938469534</subfield>
    <subfield code="w">(DLC) 2019028684</subfield>
  </datafield>
</record>