
<record>
  <leader>02908cam a2200529 i 4500</leader>
  <controlfield tag="001">21075539</controlfield>
  <controlfield tag="005">20200102154027.0</controlfield>
  <controlfield tag="008">190712s2018    bw a     b    000 p bel d</controlfield>
  <datafield tag="906" ind1=" " ind2=" ">
    <subfield code="a">7</subfield>
    <subfield code="b">cbc</subfield>
    <subfield code="c">copycat</subfield>
    <subfield code="d">4</subfield>
    <subfield code="e">ncip</subfield>
    <subfield code="f">20</subfield>
    <subfield code="g">y-nonroman</subfield>
  </datafield>
  <datafield tag="925" ind1="0" ind2=" ">
    <subfield code="a">acquire</subfield>
    <subfield code="b">1 shelf copy</subfield>
    <subfield code="x">RF 2019-07-12</subfield>
  </datafield>
  <datafield tag="955" ind1=" " ind2=" ">
    <subfield code="b">fc70 2019-07-12 z-processor JACKPHY</subfield>
    <subfield code="a">fc00 2019-07-12 to GS/ECE</subfield>
    <subfield code="i">fc70 2019-07-16 telework to CALM (hardbound)</subfield>
    <subfield code="s">fc70 2020-01-02 c. 2 to East Coast Slavic Consortium</subfield>
  </datafield>
  <datafield tag="010" ind1=" " ind2=" ">
    <subfield code="a">  2019398000</subfield>
  </datafield>
  <datafield tag="020" ind1=" " ind2=" ">
    <subfield code="z">9789851110502</subfield>
  </datafield>
  <datafield tag="020" ind1=" " ind2=" ">
    <subfield code="z">9851110507</subfield>
  </datafield>
  <datafield tag="020" ind1=" " ind2=" ">
    <subfield code="a">9789851110861</subfield>
  </datafield>
  <datafield tag="035" ind1=" " ind2=" ">
    <subfield code="a">(OCoLC)on1039659834</subfield>
  </datafield>
  <datafield tag="040" ind1=" " ind2=" ">
    <subfield code="a">EVIEW</subfield>
    <subfield code="b">eng</subfield>
    <subfield code="e">rda</subfield>
    <subfield code="c">EVIEW</subfield>
    <subfield code="d">PIT</subfield>
    <subfield code="d">OCLCF</subfield>
    <subfield code="d">UAT</subfield>
    <subfield code="d">DLC</subfield>
  </datafield>
  <datafield tag="041" ind1="1" ind2=" ">
    <subfield code="a">bel</subfield>
    <subfield code="a">eng</subfield>
    <subfield code="a">mul</subfield>
    <subfield code="h">bel</subfield>
  </datafield>
  <datafield tag="042" ind1=" " ind2=" ">
    <subfield code="a">lccopycat</subfield>
  </datafield>
  <datafield tag="050" ind1="0" ind2="0">
    <subfield code="a">PG2835.L85</subfield>
    <subfield code="b">A6212 2018</subfield>
  </datafield>
  <datafield tag="066" ind1=" " ind2=" ">
    <subfield code="c">(N</subfield>
    <subfield code="c">(Q</subfield>
  </datafield>
  <datafield tag="100" ind1="1" ind2=" ">
    <subfield code="6">880-01</subfield>
    <subfield code="a">Kupala, I︠A︡nka,</subfield>
    <subfield code="d">1882-1942,</subfield>
    <subfield code="e">author.</subfield>
  </datafield>
  <datafield tag="880" ind1="1" ind2=" ">
    <subfield code="6">100-01/(N</subfield>
    <subfield code="a">Купала, Янка,</subfield>
    <subfield code="d">1882-1942,</subfield>
    <subfield code="e">author.</subfield>
  </datafield>
  <datafield tag="240" ind1="1" ind2="0">
    <subfield code="a">A khto tam idze?</subfield>
  </datafield>
  <datafield tag="245" ind1="1" ind2="0">
    <subfield code="6">880-02</subfield>
    <subfield code="a">A khto tam idze? :</subfield>
    <subfield code="b">na movakh svetu /</subfield>
    <subfield code="c">I︠A︡nka Kupala = And say, who goes there? : in the languages of the world / Yanka Kupala ; skladalʹniki V. Rahoĭsha, A. Li︠a︡shkovich.</subfield>
  </datafield>
  <datafield tag="880" ind1="1" ind2="0">
    <subfield code="6">245-02/(N</subfield>
    <subfield code="a">А хто там ідзе? :</subfield>
    <subfield code="b">на мовах свету /</subfield>
    <subfield code="c">Янка Купала =  And say, who goes there? : in the languages of the world / Yanka Kupala ; складальнікі В. Рагойша, А. Ляшковіч.</subfield>
  </datafield>
  <datafield tag="246" ind1="3" ind2="1">
    <subfield code="a">And say, who goes there? :</subfield>
    <subfield code="b">in the languages of the world</subfield>
  </datafield>
  <datafield tag="264" ind1=" " ind2="1">
    <subfield code="6">880-03</subfield>
    <subfield code="a">Minsk :</subfield>
    <subfield code="b">Belaruskai︠a︡ ėntsyklapedyi︠a︡ imi︠a︡ Petrusi︠a︡ Broŭki,</subfield>
    <subfield code="c">2018.</subfield>
  </datafield>
  <datafield tag="880" ind1=" " ind2="1">
    <subfield code="6">264-03/(N</subfield>
    <subfield code="a">Мінск :</subfield>
    <subfield code="b">Беларуская энцыклапедыя імя Петруся Броўкі,</subfield>
    <subfield code="c">2018.</subfield>
  </datafield>
  <datafield tag="300" ind1=" " ind2=" ">
    <subfield code="a">203 pages :</subfield>
    <subfield code="b">color illustrations ;</subfield>
    <subfield code="c">24 cm</subfield>
  </datafield>
  <datafield tag="336" ind1=" " ind2=" ">
    <subfield code="a">text</subfield>
    <subfield code="b">txt</subfield>
    <subfield code="2">rdacontent</subfield>
  </datafield>
  <datafield tag="337" ind1=" " ind2=" ">
    <subfield code="a">unmediated</subfield>
    <subfield code="b">n</subfield>
    <subfield code="2">rdamedia</subfield>
  </datafield>
  <datafield tag="338" ind1=" " ind2=" ">
    <subfield code="a">volume</subfield>
    <subfield code="b">nc</subfield>
    <subfield code="2">rdacarrier</subfield>
  </datafield>
  <datafield tag="504" ind1=" " ind2=" ">
    <subfield code="a">Includes bibliographical references.</subfield>
  </datafield>
  <datafield tag="546" ind1=" " ind2=" ">
    <subfield code="a">Includes original text of poem in Belarusian, plus translations into 101 other languages; introduction in Belarusian and English.</subfield>
  </datafield>
  <datafield tag="600" ind1="1" ind2="0">
    <subfield code="a">Kupala, I︠A︡nka,</subfield>
    <subfield code="d">1882-1942.</subfield>
    <subfield code="t">A khto tam idze?</subfield>
    <subfield code="v">Translations.</subfield>
  </datafield>
  <datafield tag="600" ind1="1" ind2="0">
    <subfield code="a">Kupala, I︠A︡nka,</subfield>
    <subfield code="d">1882-1942</subfield>
    <subfield code="v">Translations.</subfield>
  </datafield>
  <datafield tag="650" ind1="0" ind2="4">
    <subfield code="a">Belarus. Byelorussian S.S.R. White Russia.</subfield>
  </datafield>
  <datafield tag="650" ind1="0" ind2="4">
    <subfield code="a">Literature (General)</subfield>
  </datafield>
  <datafield tag="650" ind1="0" ind2="4">
    <subfield code="a">Poetry.</subfield>
  </datafield>
  <datafield tag="600" ind1="1" ind2="7">
    <subfield code="a">Kupala, I︠A︡nka,</subfield>
    <subfield code="d">1882-1942.</subfield>
    <subfield code="2">fast</subfield>
    <subfield code="0">(OCoLC)fst00078930</subfield>
  </datafield>
  <datafield tag="655" ind1=" " ind2="7">
    <subfield code="a">Translations.</subfield>
    <subfield code="2">fast</subfield>
    <subfield code="0">(OCoLC)fst01423791</subfield>
  </datafield>
  <datafield tag="700" ind1="1" ind2=" ">
    <subfield code="6">880-04</subfield>
    <subfield code="a">Rahoĭsha, V. P.</subfield>
    <subfield code="q">(Vi︠a︡chaslaŭ Pi︠a︡trovich),</subfield>
    <subfield code="d">1942-</subfield>
    <subfield code="e">compiler,</subfield>
    <subfield code="e">editor.</subfield>
  </datafield>
  <datafield tag="880" ind1="1" ind2=" ">
    <subfield code="6">700-04/(N</subfield>
    <subfield code="a">Рагойша, В. П.</subfield>
    <subfield code="q">(Вячаслаў Пятровіч),</subfield>
    <subfield code="d">1942-</subfield>
    <subfield code="e">compiler.</subfield>
  </datafield>
  <datafield tag="700" ind1="1" ind2=" ">
    <subfield code="6">880-05</subfield>
    <subfield code="a">Li︠a︡shkovich, A. R.</subfield>
    <subfield code="q">(Alena Ramanaŭna),</subfield>
    <subfield code="e">compiler,</subfield>
    <subfield code="e">editor.</subfield>
  </datafield>
  <datafield tag="880" ind1="1" ind2=" ">
    <subfield code="6">700-05/(N</subfield>
    <subfield code="a">Ляшковіч, А. Р.</subfield>
    <subfield code="q">(Алена Раманаўна),</subfield>
    <subfield code="e">compiler.</subfield>
  </datafield>
  <datafield tag="923" ind1=" " ind2=" ">
    <subfield code="a">Exchange</subfield>
  </datafield>
</record>