
<record>
  <leader>02086cam a2200421 i 4500</leader>
  <controlfield tag="001">21076597</controlfield>
  <controlfield tag="005">20200102110745.0</controlfield>
  <controlfield tag="008">190212s2018    pl a     b    100 0dpol d</controlfield>
  <datafield tag="906" ind1=" " ind2=" ">
    <subfield code="a">7</subfield>
    <subfield code="b">cbc</subfield>
    <subfield code="c">copycat</subfield>
    <subfield code="d">3</subfield>
    <subfield code="e">ncip</subfield>
    <subfield code="f">20</subfield>
    <subfield code="g">y-gencatlg</subfield>
  </datafield>
  <datafield tag="925" ind1="0" ind2=" ">
    <subfield code="a">acquire</subfield>
    <subfield code="b">1 shelf copy</subfield>
    <subfield code="x">policy default</subfield>
  </datafield>
  <datafield tag="955" ind1=" " ind2=" ">
    <subfield code="a">ve29 2019-07-12</subfield>
    <subfield code="b">fc19 2019-10-18 z-processor</subfield>
    <subfield code="a">fc00 2019-12-09 to GS/ECE</subfield>
    <subfield code="i">fc19 2019-12-09 Telework</subfield>
    <subfield code="a">fc05 2020-01-02 (rev.)</subfield>
    <subfield code="a">fc19 2020-01-02 to BCCD</subfield>
  </datafield>
  <datafield tag="010" ind1=" " ind2=" ">
    <subfield code="a">  2019453092</subfield>
  </datafield>
  <datafield tag="020" ind1=" " ind2=" ">
    <subfield code="a">9788365713377</subfield>
  </datafield>
  <datafield tag="020" ind1=" " ind2=" ">
    <subfield code="a">8365713373</subfield>
  </datafield>
  <datafield tag="035" ind1=" " ind2=" ">
    <subfield code="a">(OCoLC)on1113940372</subfield>
  </datafield>
  <datafield tag="040" ind1=" " ind2=" ">
    <subfield code="a">HLS</subfield>
    <subfield code="b">eng</subfield>
    <subfield code="c">HLS</subfield>
    <subfield code="e">rda</subfield>
    <subfield code="d">YUS</subfield>
    <subfield code="d">OCLCO</subfield>
    <subfield code="d">HLS</subfield>
    <subfield code="d">DLC</subfield>
  </datafield>
  <datafield tag="042" ind1=" " ind2=" ">
    <subfield code="a">lccopycat</subfield>
  </datafield>
  <datafield tag="043" ind1=" " ind2=" ">
    <subfield code="a">e-pl---</subfield>
  </datafield>
  <datafield tag="050" ind1="0" ind2="0">
    <subfield code="a">DK4800.J3758</subfield>
    <subfield code="b">S96 2018</subfield>
  </datafield>
  <datafield tag="111" ind1="2" ind2=" ">
    <subfield code="a">Sympozjum Naukowe pt. &quot;Jastków i Okolice w Walce o Wolną i Niepodległą--Ludzie, Miejsca, Wydarzenia&quot;</subfield>
    <subfield code="d">(2018 :</subfield>
    <subfield code="c">Jastków, Poland),</subfield>
    <subfield code="j">author.</subfield>
  </datafield>
  <datafield tag="245" ind1="1" ind2="0">
    <subfield code="a">Jastków i okolice w walce o wolną i niepodległą :</subfield>
    <subfield code="b">ludzie, miejsca, wydarzenia /</subfield>
    <subfield code="c">redakcja Cezary Taracha.</subfield>
  </datafield>
  <datafield tag="264" ind1=" " ind2="1">
    <subfield code="a">Lublin :</subfield>
    <subfield code="b">Wydawnictwo Werset,</subfield>
    <subfield code="c">2018.</subfield>
  </datafield>
  <datafield tag="300" ind1=" " ind2=" ">
    <subfield code="a">155 pages :</subfield>
    <subfield code="b">illustrations ;</subfield>
    <subfield code="c">24 cm</subfield>
  </datafield>
  <datafield tag="336" ind1=" " ind2=" ">
    <subfield code="a">text</subfield>
    <subfield code="b">txt</subfield>
    <subfield code="2">rdacontent</subfield>
  </datafield>
  <datafield tag="337" ind1=" " ind2=" ">
    <subfield code="a">unmediated</subfield>
    <subfield code="b">n</subfield>
    <subfield code="2">rdamedia</subfield>
  </datafield>
  <datafield tag="338" ind1=" " ind2=" ">
    <subfield code="a">volume</subfield>
    <subfield code="b">nc</subfield>
    <subfield code="2">rdacarrier</subfield>
  </datafield>
  <datafield tag="500" ind1=" " ind2=" ">
    <subfield code="a">Sympozjum naukowe pt. &quot;Jastków i okolice w walce o wolną i niepodległą: ludzie, miejsca, wydarzenia&quot; organized by Gminny Ośrodek Kultury i Sportu w Jastkowie and Instytut Historii KUL, held at Szkoła Podstawowa im. Tadeusza Kościuszki w Jastkowie, June 6, 2018.</subfield>
  </datafield>
  <datafield tag="504" ind1=" " ind2=" ">
    <subfield code="a">Includes bibliographical references.</subfield>
  </datafield>
  <datafield tag="651" ind1=" " ind2="0">
    <subfield code="a">Jastków (Lublin, Poland : Gmina)</subfield>
    <subfield code="x">History</subfield>
    <subfield code="y">20th century</subfield>
    <subfield code="v">Congresses.</subfield>
  </datafield>
  <datafield tag="651" ind1=" " ind2="0">
    <subfield code="a">Jastków (Lublin, Poland : Gmina)</subfield>
    <subfield code="v">Biography</subfield>
    <subfield code="v">Congresses.</subfield>
  </datafield>
  <datafield tag="648" ind1=" " ind2="7">
    <subfield code="a">1900-1945.</subfield>
    <subfield code="2">fast</subfield>
  </datafield>
  <datafield tag="655" ind1=" " ind2="7">
    <subfield code="a">History.</subfield>
    <subfield code="2">fast</subfield>
    <subfield code="0">(OCoLC)fst01411628</subfield>
  </datafield>
  <datafield tag="655" ind1=" " ind2="7">
    <subfield code="a">Military history.</subfield>
    <subfield code="2">fast</subfield>
    <subfield code="0">(OCoLC)fst01411630</subfield>
  </datafield>
  <datafield tag="655" ind1=" " ind2="7">
    <subfield code="a">Biographies.</subfield>
    <subfield code="2">fast</subfield>
    <subfield code="0">(OCoLC)fst01919896</subfield>
  </datafield>
  <datafield tag="655" ind1=" " ind2="7">
    <subfield code="a">Conference papers and proceedings.</subfield>
    <subfield code="2">fast</subfield>
    <subfield code="0">(OCoLC)fst01423772</subfield>
  </datafield>
  <datafield tag="700" ind1="1" ind2=" ">
    <subfield code="a">Taracha, Cezary,</subfield>
    <subfield code="e">editor.</subfield>
  </datafield>
  <datafield tag="923" ind1=" " ind2=" ">
    <subfield code="d">20190708</subfield>
    <subfield code="n">193159/LC/120</subfield>
    <subfield code="s">PlWaKWL</subfield>
  </datafield>
  <datafield tag="985" ind1=" " ind2=" ">
    <subfield code="e">VENDOR LOAD</subfield>
  </datafield>
</record>