
<record>
  <leader>01708cam a2200445 i 4500</leader>
  <controlfield tag="001">21076640</controlfield>
  <controlfield tag="005">20200102102402.0</controlfield>
  <controlfield tag="008">190528t20182018pl a     b    001 0bpol d</controlfield>
  <datafield tag="906" ind1=" " ind2=" ">
    <subfield code="a">7</subfield>
    <subfield code="b">cbc</subfield>
    <subfield code="c">copycat</subfield>
    <subfield code="d">3</subfield>
    <subfield code="e">ncip</subfield>
    <subfield code="f">20</subfield>
    <subfield code="g">y-gencatlg</subfield>
  </datafield>
  <datafield tag="925" ind1="0" ind2=" ">
    <subfield code="a">acquire</subfield>
    <subfield code="b">1 shelf copy</subfield>
    <subfield code="x">policy default</subfield>
  </datafield>
  <datafield tag="955" ind1=" " ind2=" ">
    <subfield code="a">ve29 2019-07-12</subfield>
    <subfield code="b">fc19 2019-10-21 z-processor</subfield>
    <subfield code="a">fc00 2019-12-09 to GS/ECE</subfield>
    <subfield code="i">fc19 2019-12-09 Telework</subfield>
    <subfield code="a">fc05 2019-12-26 (rev.)</subfield>
    <subfield code="a">fc19 2020-01-02 (corrections) to CALM</subfield>
  </datafield>
  <datafield tag="010" ind1=" " ind2=" ">
    <subfield code="a">  2019453097</subfield>
  </datafield>
  <datafield tag="020" ind1=" " ind2=" ">
    <subfield code="a">9788328027336</subfield>
  </datafield>
  <datafield tag="020" ind1=" " ind2=" ">
    <subfield code="a">832802733X</subfield>
  </datafield>
  <datafield tag="035" ind1=" " ind2=" ">
    <subfield code="a">(OCoLC)on1052898556</subfield>
  </datafield>
  <datafield tag="040" ind1=" " ind2=" ">
    <subfield code="a">GO3</subfield>
    <subfield code="b">eng</subfield>
    <subfield code="c">GO3</subfield>
    <subfield code="e">rda</subfield>
    <subfield code="d">OCLCF</subfield>
    <subfield code="d">UAB</subfield>
    <subfield code="d">LHM</subfield>
    <subfield code="d">OCL</subfield>
    <subfield code="d">DLC</subfield>
  </datafield>
  <datafield tag="042" ind1=" " ind2=" ">
    <subfield code="a">lccopycat</subfield>
  </datafield>
  <datafield tag="043" ind1=" " ind2=" ">
    <subfield code="a">e-pl---</subfield>
  </datafield>
  <datafield tag="050" ind1="0" ind2="0">
    <subfield code="a">DK4420.S577</subfield>
    <subfield code="b">M37 2018</subfield>
  </datafield>
  <datafield tag="100" ind1="1" ind2=" ">
    <subfield code="a">Marat, Emil,</subfield>
    <subfield code="e">author.</subfield>
  </datafield>
  <datafield tag="245" ind1="1" ind2="0">
    <subfield code="a">Sen Kolumba /</subfield>
    <subfield code="c">Emil Marat.</subfield>
  </datafield>
  <datafield tag="250" ind1=" " ind2=" ">
    <subfield code="a">Wydanie I.</subfield>
  </datafield>
  <datafield tag="264" ind1=" " ind2="1">
    <subfield code="a">Warszawa :</subfield>
    <subfield code="b">Wydawnictwo WAB,</subfield>
    <subfield code="c">2018.</subfield>
  </datafield>
  <datafield tag="264" ind1=" " ind2="4">
    <subfield code="c">©2018</subfield>
  </datafield>
  <datafield tag="300" ind1=" " ind2=" ">
    <subfield code="a">429 pages, 24 unnumbered pages of plates :</subfield>
    <subfield code="b">illustrations ;</subfield>
    <subfield code="c">25 cm</subfield>
  </datafield>
  <datafield tag="336" ind1=" " ind2=" ">
    <subfield code="a">text</subfield>
    <subfield code="b">txt</subfield>
    <subfield code="2">rdacontent</subfield>
  </datafield>
  <datafield tag="337" ind1=" " ind2=" ">
    <subfield code="a">unmediated</subfield>
    <subfield code="b">n</subfield>
    <subfield code="2">rdamedia</subfield>
  </datafield>
  <datafield tag="338" ind1=" " ind2=" ">
    <subfield code="a">volume</subfield>
    <subfield code="b">nc</subfield>
    <subfield code="2">rdacarrier</subfield>
  </datafield>
  <datafield tag="504" ind1=" " ind2=" ">
    <subfield code="a">Includes bibliographical references (pages 409-417) and index.</subfield>
  </datafield>
  <datafield tag="600" ind1="1" ind2="0">
    <subfield code="a">Sobieszczański, Krzysztof Mikołaj,</subfield>
    <subfield code="d">1916-1950.</subfield>
  </datafield>
  <datafield tag="650" ind1=" " ind2="0">
    <subfield code="a">Soldiers</subfield>
    <subfield code="z">Poland</subfield>
    <subfield code="v">Biography.</subfield>
  </datafield>
  <datafield tag="651" ind1=" " ind2="0">
    <subfield code="a">Warsaw (Poland)</subfield>
    <subfield code="x">History</subfield>
    <subfield code="y">Uprising, 1944</subfield>
    <subfield code="v">Biography.</subfield>
  </datafield>
  <datafield tag="611" ind1="2" ind2="7">
    <subfield code="a">Uprising (Warsaw, Poland : 1944)</subfield>
    <subfield code="2">fast</subfield>
    <subfield code="0">(OCoLC)fst01355251</subfield>
  </datafield>
  <datafield tag="651" ind1=" " ind2="7">
    <subfield code="a">Poland</subfield>
    <subfield code="z">Warsaw.</subfield>
    <subfield code="2">fast</subfield>
    <subfield code="0">(OCoLC)fst01204515</subfield>
  </datafield>
  <datafield tag="648" ind1=" " ind2="7">
    <subfield code="a">1944</subfield>
    <subfield code="2">fast</subfield>
  </datafield>
  <datafield tag="655" ind1=" " ind2="7">
    <subfield code="a">Biographies.</subfield>
    <subfield code="2">fast</subfield>
    <subfield code="0">(OCoLC)fst01919896</subfield>
  </datafield>
  <datafield tag="655" ind1=" " ind2="7">
    <subfield code="a">History.</subfield>
    <subfield code="2">fast</subfield>
    <subfield code="0">(OCoLC)fst01411628</subfield>
  </datafield>
  <datafield tag="655" ind1=" " ind2="7">
    <subfield code="a">Biographies.</subfield>
    <subfield code="2">lcgft</subfield>
  </datafield>
  <datafield tag="923" ind1=" " ind2=" ">
    <subfield code="d">190708</subfield>
    <subfield code="n">193161/LC/122</subfield>
    <subfield code="s">PlWaKWL</subfield>
  </datafield>
  <datafield tag="985" ind1=" " ind2=" ">
    <subfield code="e">VENDOR LOAD</subfield>
  </datafield>
</record>