
<record>
  <leader>03788cam a2200361 i 4500</leader>
  <controlfield tag="001">21077189</controlfield>
  <controlfield tag="005">20200102122240.0</controlfield>
  <controlfield tag="008">190624s2019    fr       b    000 0 fre  </controlfield>
  <datafield tag="906" ind1=" " ind2=" ">
    <subfield code="a">0</subfield>
    <subfield code="b">ibc</subfield>
    <subfield code="c">origres</subfield>
    <subfield code="d">3</subfield>
    <subfield code="e">ncip</subfield>
    <subfield code="f">20</subfield>
    <subfield code="g">y-gencatlg</subfield>
  </datafield>
  <datafield tag="925" ind1="0" ind2=" ">
    <subfield code="a">acquire</subfield>
    <subfield code="b">1 shelf copy</subfield>
    <subfield code="x">policy default</subfield>
  </datafield>
  <datafield tag="955" ind1=" " ind2=" ">
    <subfield code="a">ve03 2019-07-12</subfield>
    <subfield code="b">bd19 2019-07-31</subfield>
  </datafield>
  <datafield tag="010" ind1=" " ind2=" ">
    <subfield code="a">  2019433791</subfield>
  </datafield>
  <datafield tag="020" ind1=" " ind2=" ">
    <subfield code="a">9782919160334</subfield>
    <subfield code="q">(paperback)</subfield>
  </datafield>
  <datafield tag="020" ind1=" " ind2=" ">
    <subfield code="a">2919160338</subfield>
  </datafield>
  <datafield tag="040" ind1=" " ind2=" ">
    <subfield code="a">DLC</subfield>
    <subfield code="b">eng</subfield>
    <subfield code="e">rda</subfield>
    <subfield code="c">DLC</subfield>
  </datafield>
  <datafield tag="042" ind1=" " ind2=" ">
    <subfield code="a">pcc</subfield>
  </datafield>
  <datafield tag="050" ind1="0" ind2="0">
    <subfield code="a">HC79.E5</subfield>
    <subfield code="b">S4232 2019</subfield>
  </datafield>
  <datafield tag="100" ind1="1" ind2=" ">
    <subfield code="a">Sérékian, Jean-Marc,</subfield>
    <subfield code="e">author.</subfield>
  </datafield>
  <datafield tag="245" ind1="1" ind2="0">
    <subfield code="a">Capitalisme fossile :</subfield>
    <subfield code="b">de la farce des COP à l&apos;ingénierie du climat /</subfield>
    <subfield code="c">Jean-Marc Sérékian.</subfield>
  </datafield>
  <datafield tag="264" ind1=" " ind2="1">
    <subfield code="a">Paris :</subfield>
    <subfield code="b">Les éditions Utopia,</subfield>
    <subfield code="c">[2019]</subfield>
  </datafield>
  <datafield tag="300" ind1=" " ind2=" ">
    <subfield code="a">268 pages, 4 unnumbered pages ;</subfield>
    <subfield code="c">20 cm.</subfield>
  </datafield>
  <datafield tag="336" ind1=" " ind2=" ">
    <subfield code="a">text</subfield>
    <subfield code="b">txt</subfield>
    <subfield code="2">rdacontent</subfield>
  </datafield>
  <datafield tag="337" ind1=" " ind2=" ">
    <subfield code="a">unmediated</subfield>
    <subfield code="b">n</subfield>
    <subfield code="2">rdamedia</subfield>
  </datafield>
  <datafield tag="338" ind1=" " ind2=" ">
    <subfield code="a">volume</subfield>
    <subfield code="b">nc</subfield>
    <subfield code="2">rdacarrier</subfield>
  </datafield>
  <datafield tag="490" ind1="0" ind2=" ">
    <subfield code="a">Collection Ruptures,</subfield>
    <subfield code="x">2111-0239</subfield>
  </datafield>
  <datafield tag="504" ind1=" " ind2=" ">
    <subfield code="a">Includes bibliographical references (pages 267-269).</subfield>
  </datafield>
  <datafield tag="505" ind1="0" ind2="0">
    <subfield code="t">Introduction. Le monde comme il va --</subfield>
    <subfield code="g">1.</subfield>
    <subfield code="t">Repères de malfaiteurs menteurs --</subfield>
    <subfield code="g">2.</subfield>
    <subfield code="t">Quand cessera la farce des COP ? --</subfield>
    <subfield code="t">La COP 23 et sa bizarrerie fidjienne --</subfield>
    <subfield code="t">Après la COP, le &quot;Black Friday&quot; --</subfield>
    <subfield code="t">Un monde plus que jamais unifié sur le modèle étasunien --</subfield>
    <subfield code="t">Qui se soucie encore du climat? --</subfield>
    <subfield code="t">Des réfugiés en nombre pléthorique --</subfield>
    <subfield code="t">De la guerre de l&apos;opium à l&apos;atelier du monde --</subfield>
    <subfield code="t">Transactions sordides sur l&apos;archipel des Chagos --</subfield>
    <subfield code="t">Et le Mozambique devient pays pétrolier --</subfield>
    <subfield code="t">L&apos;Équateur, plus que jamais pays pétrolier --</subfield>
    <subfield code="t">Une pétromonarchie en mer de Barents --</subfield>
    <subfield code="t">Les GPII survivent à l&apos;accord de Paris --</subfield>
    <subfield code="t">Quand cessera donc la farce des COP? --</subfield>
    <subfield code="t">Coup de théâtre à la veille de la COP 24 --</subfield>
    <subfield code="t">Une COP sous la coupe du coke --</subfield>
    <subfield code="g">3.</subfield>
    <subfield code="t">Folies Fossiles des Sixties --</subfield>
    <subfield code="t">Regard de savants, regard d&apos;historiens --</subfield>
    <subfield code="t">À la surface de la Terre --</subfield>
    <subfield code="t">Révolution verte et Printemps silencieux --</subfield>
    <subfield code="t">Une apocalypse pour l&apos;Anthropocène --</subfield>
    <subfield code="t">L&apos;empire agrochimique de la famine --</subfield>
    <subfield code="t">De l&apos;arme du pétrole à l&apos;excrément du diable --</subfield>
    <subfield code="t">&quot;The Great Acceleration&quot; in Gulf of Guinea --</subfield>
    <subfield code="t">Un début lointain de la fin --</subfield>
    <subfield code="t">Du déchet torché à &quot;l&apos;énergie propre&quot; --</subfield>
    <subfield code="t">Un point de basculement tellurique --</subfield>
    <subfield code="t">La boîte de Pandore des sciences géologiques --</subfield>
    <subfield code="t">Que retenir des sixties, aujourd&apos;hui? --</subfield>
    <subfield code="g">4.</subfield>
    <subfield code="t">L&apos;esprit du capitalisme --</subfield>
    <subfield code="t">Première trace sur la piste : LafargeHolcim --</subfield>
    <subfield code="t">BTP, du monopole radical à la spirale des écocides --</subfield>
    <subfield code="t">Le capitalisme comme entreprise criminelle --</subfield>
    <subfield code="t">Le capitalisme du désastre --</subfield>
    <subfield code="t">&quot;Messieurs... ce ne sont pas des Américains mais des Orientaux. .&quot; --</subfield>
    <subfield code="t">&quot;Big Business avec Hitler&quot; --</subfield>
    <subfield code="g">5.</subfield>
    <subfield code="t">L&apos;esprit du capitalisme --</subfield>
    <subfield code="t">&quot;De quoi Total est-elle la somme ?&quot; --</subfield>
    <subfield code="t">Interlude culturel : tourtereaux terroristes --</subfield>
    <subfield code="t">Spirale du crime pour le crime --</subfield>
    <subfield code="t">Le Big Bang atomique, père de l&apos;apartheid --</subfield>
    <subfield code="t">Le cycle des chefs de guerre dans le fétichisme de la marchandise --</subfield>
    <subfield code="t">Un prince providentiel --</subfield>
    <subfield code="t">Yémen, réflexion sur un génocide --</subfield>
    <subfield code="t">Le second axiome de l&apos;ontologie de l&apos;économie --</subfield>
    <subfield code="g">6.</subfield>
    <subfield code="t">Climatiser le désastre ou le combattre --</subfield>
    <subfield code="t">Le cas Crutzen, tabou et boîte de Pandore --</subfield>
    <subfield code="t">L&apos;emballement de la géo-ingénierie du climat --</subfield>
    <subfield code="t">De l&apos;orthodoxie climatologique à la critique du capitalisme --</subfield>
    <subfield code="t">L&apos;après Clim-Crutzen --</subfield>
    <subfield code="t">Le monde, comme il va toujours mal --</subfield>
    <subfield code="t">Une transition énergétique rétrograde --</subfield>
    <subfield code="g">7.</subfield>
    <subfield code="t">Géo-ingénierie ethnique des origines --</subfield>
    <subfield code="t">Epilogue. Cibler la cause et non les symptômes.</subfield>
  </datafield>
  <datafield tag="611" ind1="2" ind2="0">
    <subfield code="a">Conference of the Parties (United Nations Framework Convention on Climate Change)</subfield>
  </datafield>
  <datafield tag="650" ind1=" " ind2="0">
    <subfield code="a">Capitalism</subfield>
    <subfield code="x">Environmental aspects.</subfield>
  </datafield>
  <datafield tag="650" ind1=" " ind2="0">
    <subfield code="a">Climatic changes</subfield>
    <subfield code="x">Government policy.</subfield>
  </datafield>
  <datafield tag="650" ind1=" " ind2="0">
    <subfield code="a">Environmental policy.</subfield>
  </datafield>
  <datafield tag="923" ind1=" " ind2=" ">
    <subfield code="d">20190702</subfield>
    <subfield code="n">628525</subfield>
    <subfield code="s">93000601</subfield>
  </datafield>
  <datafield tag="985" ind1=" " ind2=" ">
    <subfield code="e">VENDOR LOAD</subfield>
  </datafield>
</record>